3025 4909
1419 171 1865 227 -40-

519 351 708 409 multa
741 354 883 409 tunc
913 349 1179 409 Patricio
1213 350 1415 409 afficta
1447 369 1577 408 esse
1609 349 1970 427 comprobet.
2031 349 2295 410 Exstant
2327 350 2485 408 enim
2517 350 2774 409 duarum

519 438 880 515 synodorum
927 444 1157 498 statuta
1204 438 1344 497 Scto
1391 438 1657 497 Patricio
1705 438 1966 517 ascripta
2011 439 2076 497 in
2120 439 2266 517 ipsis
2314 440 2618 499 codicibus
2668 440 2774 516 (H.

519 527 636 587 and
684 526 773 586 St.
820 526 916 600 ΙΙ,
975 529 1012 585 2
1061 549 1119 606 Ρ.
1169 528 1297 585 328
1346 530 1519 605 sqq.).
1614 528 1780 601 Quae
1842 527 1956 587 etsi
2014 527 2078 586 in
2134 528 2430 587 Hibernia
2488 528 2777 589 videntur

408 691 411 696 ι
519 637 645 676 esse
692 617 1053 695 conscripta,
1111 621 1312 675 tamen
1365 637 1678 695 perperam
1724 616 1989 676 Patricio
2036 617 2288 677 attribui
2328 621 2454 694 jam
2499 618 2607 677 diu
2657 639 2777 677 non

519 706 861 779 defuerunt,
926 706 1030 784 qui
1091 705 1533 765 contenderent.
1625 705 1824 764 Hodie
1887 705 2364 766 dubitationibus
2423 709 2588 766 locus
2654 729 2776 767 non

517 795 894 874 relinquitur.
972 794 1243 854 Ganones
1290 795 1446 853 enim
1492 795 1810 854 Hibernici
1826 839 1840 867 ,
1904 816 2246 873 quanquam
2289 796 2506 873 prioris
2557 798 2778 872 synodi

519 889 747 944 statuta
779 883 1095 942 maximam
1124 884 1189 943 in
1220 890 1453 963 partem
1475 883 1742 943 Patricio
1774 884 2114 944 attribuunt
2146 888 2219 961 (e.
2244 906 2301 962 g.
2325 886 2428 944 lib.
2452 885 2777 960 XXXIV,

522 977 557 1032 6
610 1002 695 1025 =
737 972 1122 1034 Wasserschl.
1179 972 1262 1031 Ir.
1310 971 1454 1032 Can.
1511 994 1571 1051 p.
1623 972 1747 1030 145
1798 1002 1881 1024 =
1929 994 2056 1050 syn.
2101 974 2271 1034 Patr.
2318 974 2370 1048 Ι,
2431 976 2472 1033 8
2518 976 2601 1033 Η.
2653 976 2779 1034 and

520 1061 608 1121 St.
640 1061 733 1134 ΙΙ,
777 1063 815 1118 2
862 1082 920 1138 p.
957 1062 1111 1139 328)
1157 1067 1356 1121 tamen
1405 1082 1538 1131 cum
1584 1062 1801 1139 prioris
1846 1081 2047 1136 unum,
2095 1064 2211 1122 nisi
2256 1065 2431 1140 plura
2478 1085 2570 1122 me
2601 1065 2777 1141 fuge-

520 1155 664 1210 runt
724 1150 1072 1226 (XXXIII,
1135 1152 1167 1209 1
1217 1172 1276 1229 p.
1329 1150 1454 1208 140
1501 1180 1588 1201 =
1635 1171 1760 1226 syn.
1806 1151 1875 1209 P.
1922 1152 1973 1224 Ι,
2018 1174 2077 1231 p.
2127 1153 2283 1230 329)
2329 1159 2458 1212 tum
2519 1154 2779 1212 alterius

519 1240 718 1298 omnia
757 1244 1003 1312 statuta,
1051 1246 1298 1318 excepto
1330 1260 1446 1299 uno
1481 1239 1818 1315 (XXXVI,
1852 1241 1891 1298 8
1924 1263 1982 1318 Ρ.
2020 1241 2145 1300 153
2181 1270 2266 1292 --
2299 1263 2423 1318 syn.
2455 1241 2526 1300 P.
2558 1242 2645 1315 H,
2688 1244 2776 1301 30

518 1350 574 1407 p.
612 1329 787 1405 338),
833 1330 992 1407 quod
1037 1328 1329 1410 „synodus
1371 1327 1560 1389 dimiffl
1588 1329 1943 1408 inscriptum
1974 1336 2079 1404 est,
2126 1330 2388 1410 „synodo
2419 1327 2779 1390 Romanaff‘

519 1418 825 1477 ascribunt
870 1419 945 1493 (e.
992 1438 1048 1494 g.
1095 1418 1182 1491 ΙΙ,
1233 1419 1315 1476 23
1363 1439 1422 1496 Ρ.
1455 1419 1538 1475 22
1575 1446 1659 1468 =
1692 1439 1817 1494 syn.
1863 1417 1934 1477 P.
1966 1418 2053 1492 ΙΙ,
2104 1421 2161 1492 2,
2207 1440 2266 1496 Ρ.
2304 1421 2430 1478 333
2479 1426 2541 1479 et
2585 1420 2779 1479 simili

520 1527 640 1565 non
688 1506 892 1565 eadem
947 1506 1179 1565 ratione
1224 1506 1378 1580 XII,
1432 1506 1510 1564 15
1559 1527 1616 1584 p.
1666 1507 1750 1564 44
1798 1535 1882 1557 =
1929 1528 2055 1583 syn.
2100 1508 2172 1567 P.
2218 1508 2304 1581 II,
2358 1509 2437 1567 14
2484 1530 2542 1587 p.
2594 1510 2779 1586 335).

697 1594 915 1672 Itaque
965 1615 1081 1672 quo
1128 1596 1369 1654 meliore
1410 1599 1546 1671 jure
1580 1596 1874 1674 quispiam
1906 1597 2226 1657 contendat
2254 1597 2393 1657 ficta
2425 1619 2552 1657 esse
2585 1598 2782 1657 etiam

521 1704 606 1756 ea,
655 1703 807 1761 quae
841 1683 1157 1743 Tirechani
1203 1685 1575 1763 temporibus
1623 1684 1695 1742 de
1737 1686 2053 1745 itineribus
2082 1686 2337 1746 Patricii
2367 1707 2475 1764 per
2506 1686 2781 1746 Galliam

519 1780 700 1850 atque
731 1772 973 1832 Italiam
1018 1779 1207 1833 totam
1257 1774 1443 1851 ipsius
1489 1774 2055 1834 circumferebantur
2094 1776 2272 1849 dicta,
2320 1797 2388 1834 eo
2421 1776 2780 1853 diligentius

519 1862 917 1941 quaerendum
989 1863 1162 1922 nobis
1223 1870 1339 1936 est,
1411 1883 1703 1939 quaenam
1763 1865 1953 1923 altera
2012 1865 2229 1924 saeculi
2289 1865 2529 1944 septimi
2588 1874 2777 1943 parte

516 1951 720 2030 priora
768 1956 1007 2010 exstent
1051 1952 1126 2010 de
1172 1952 1436 2011 Patricio
1482 1952 1843 2011 testimonia.

694 2040 811 2099 His
873 2060 1012 2098 num
1075 2040 1552 2099 adnumerandus
1614 2040 1696 2100 sit
1740 2040 1907 2100 Fieci
1967 2042 2071 2120 qui
2126 2042 2345 2102 dicitur
2389 2044 2644 2119 hymnus
2690 2044 2772 2103 de

518 2128 658 2188 Scto
690 2128 954 2189 Patricio
1002 2131 1099 2206 (cf.
1133 2150 1310 2207 supra
1340 2150 1398 2207 p.
1435 2131 1536 2202 32,
1571 2130 1635 2206 3)
1683 2136 1743 2189 et
1792 2131 1936 2207 quid
1981 2153 2055 2191 ex
2098 2132 2202 2190 illo
2244 2132 2636 2191 hauriendum
2670 2134 2771 2206 sit,

517 2218 661 2278 haec
705 2219 900 2297 prima
947 2219 1182 2279 exsistit
1238 2219 1505 2296 quaestio
1519 2263 1534 2292 ,
1598 2239 1783 2296 eaque
1830 2221 2198 2297 gravissima.
2290 2221 2560 2280 Fuerunt
2608 2222 2771 2281 enim

519 2312 579 2366 et
624 2314 764 2367 sunt
809 2308 1095 2382 nonnulli,
1144 2309 1245 2385 qui
1291 2309 1403 2366 hoc
1450 2307 1709 2366 carmine
1754 2315 1944 2369 totam
1991 2310 2064 2369 de
2094 2309 2349 2369 Patricii
2393 2311 2609 2370 itinere
2640 2312 2767 2369 Ro-

517 2417 691 2455 mano
741 2396 1147 2474 quaestionem
1192 2396 1344 2457 solvi
1387 2402 1569 2474 atque
1602 2398 1911 2476 explanari
1940 2419 2112 2478 posse
2144 2405 2376 2477 putent,
2425 2421 2493 2458 ac
2525 2400 2768 2477 quidem

516 2485 608 2544 his
656 2486 931 2544 carminis
976 2486 1204 2545 verbis:

606 2569 706 2635 He
738 2574 856 2651 (St.
881 2574 1207 2652 Patricius)
1238 2583 1386 2634 went
1415 2594 1613 2635 across
1642 2572 1725 2634 αΠ
1752 2572 1844 2634 the
1873 2572 2028 2656 Αζρε
2061 2578 2206 2653 (bib.
2231 2574 2429 2657 Εἶρα)
2465 2614 2541 2622 -
2583 2572 2770 2638 Great

1398 2658 1572 2724 God!
1608 2662 1654 2723 it
1699 2684 1821 2723 was
1866 2684 1904 2721 a
1948 2664 2171 2725 marvel
2215 2665 2288 2748 of
2320 2687 2360 2724 a
2390 2663 2682 2749 journey!

607 2749 757 2812 until
799 2749 868 2813 he
913 2750 1069 2813 staid
1113 2749 1252 2812 with
1285 2747 1550 2816 German
1592 2752 1655 2812 in
1700 2750 1790 2813 the
1835 2751 2021 2826 smoth,
2068 2754 2130 2815 in
2175 2752 2266 2814 the
2309 2753 2477 2815 south
2507 2764 2658 2836 part
2704 2755 2781 2838 of

1372 2836 1623 2900 Latium
1670 2843 1824 2918 (hib:
1871 2839 2110 2923 Letha).

607 2926 690 2989 In
742 2926 833 2989 the
885 2927 1019 2991 isles
1065 2929 1139 3012 of
1181 2927 1272 2990 the
1327 2927 1622 3009 Tyr-rhene
1666 2950 1764 2990 sea
1810 2932 1963 3007 (hib:
2010 2952 2185 2991 mara
2237 2930 2517 3011 Toman)
2563 2932 2632 2995 he
2673 2953 2765 2994 re-

1368 3017 1627 3090 mained,
1675 3017 1891 3080 ther-ein
1934 3018 2004 3082 he
2048 3020 2390 3082 meditated:

608 3105 677 3168 he
731 3108 879 3168 read
924 3128 1110 3168 canon
1155 3105 1291 3168 with
1343 3102 1656 3168 Germaz'n:
1709 3108 1755 3168 it
1796 3109 1847 3168 is
1892 3107 2003 3169 this
2048 3107 2170 3170 that
2214 3110 2475 3191 wthinys
2521 3109 2766 3172 dec-lare.

696 3198 985 3258 Nonnulli
1031 3199 1213 3271 enim,
1260 3197 1638 3256 Bollandista
1684 3198 1885 3273 (Mart.
1922 3201 2021 3272 17,
2067 3221 2124 3277 p.
2161 3199 2333 3277 528),
2379 3201 2507 3259 Leo
2554 3198 2763 3281 (Com-

517 3284 792 3346 mentatio
822 3286 896 3347 de
917 3285 1175 3346 carmine
1195 3294 1411 3347 vetusto
1434 3283 1754 3346 Hibernico
1779 3293 1889 3345 etc.
1922 3288 2095 3347 Halis
2126 3289 2313 3363 1845,
2347 3290 2765 3364 cf.Windisch‚

520 3372 744 3434 Irisclte
799 3373 858 3435 T
851 3384 975 3435 eaete
985 3418 1003 3445 ‚
1060 3397 1117 3452 p.
1171 3376 1303 3451 10),
1360 3375 1766 3434 Windischius
1813 3376 1921 3452 (Ir.
1970 3377 2185 3450 Texte,
2241 3401 2299 3455 p,
2354 3380 2460 3456 19)
2516 3380 2766 3438 verbum

519 3459 685 3545 Espa
729 3461 1056 3523 Albaniam
1102 3484 1221 3522 non
1261 3461 1468 3542 Alpes,
1515 3465 1764 3523 verbum
1794 3460 1988 3530 Lecha
2016 3466 2332 3526 Letaviam
2377 3468 2413 3526 i.
2463 3489 2511 3526 e.
2544 3466 2763 3526 Armo-

517 3553 699 3612 ricam
747 3555 842 3613 vel
873 3552 1113 3612 omnino
1145 3552 1403 3611 Galliam
1444 3554 1968 3631 septentrionalem
1996 3555 2352 3632 intellegunt
2383 3561 2444 3615 et
2473 3557 2535 3615 in
2568 3557 2762 3616 medio

518 3642 747 3715 relict0,
795 3642 941 3719 quid
988 3642 1101 3701 sibi
1147 3642 1337 3701 velint
1383 3643 1610 3702 insulae
1657 3643 1836 3702 maris
1893 3641 1952 3703 T
1944 3641 2166 3715 oman,
2216 3645 2514 3706 affirmant
2560 3646 2625 3704 in
2669 3647 2761 3706 his

519 3731 788 3791 versibus
843 3731 928 3789 nil
984 3731 1176 3790 inesse
1223 3737 1529 3791 narratum
1575 3731 1690 3790 nisi
1736 3732 2065 3791 Patricium
2110 3734 2396 3794 servitute
2442 3735 2757 3795 liberatum

519 3842 593 3879 ex
636 3820 932 3879 Hibernia
992 3820 1248 3899 primum
1308 3821 1371 3879 in
1415 3819 1769 3895 Albaniam,
1831 3821 2040 3880 deinde
2101 3822 2165 3879 in
2213 3821 2473 3882 Galliam
2526 3825 2758 3886 venisse

518 3910 722 3986 ibique
769 3906 1177 3969 Autissiodori
1235 3911 1298 3969 in
1359 3911 1508 3969 urbe
1568 3930 1688 3968 una
1751 3930 1882 3968 cum
1930 3909 2228 3970 Germano
2274 3912 2507 3975 vixisse.
2599 3914 2758 3987 Quin

521 3998 702 4057 etiam
746 3999 1119 4075 ignorantiae
1164 4000 1291 4059 Leo
1340 3998 1642 4058 accusavit
1694 3999 2146 4077 „posteriores“,
2195 4001 2298 4078 qui
2342 4022 2555 4061 nomen
2596 4024 2757 4062 mon-

518 4093 796 4146 tanarum
828 4087 1061 4147 Scotiae
1106 4089 1417 4166 regionum
1465 4094 1525 4147 et
1556 4088 1816 4147 civitatis
1845 4085 2387 4148 Autissiodorensis
2418 4112 2537 4150 non
2570 4093 2757 4151 solum

519 4195 639 4234 non
697 4175 1154 4251 intellexissent,
1215 4178 1317 4237 sed
1378 4177 1454 4235 ad
1515 4176 1662 4234 haec
1721 4177 1960 4235 nomina
2018 4178 2471 4256 interpretanda
2525 4182 2758 4239 fabulas

519 4264 775 4325 maxime
808 4287 843 4325 a
873 4287 1016 4327 vero
1048 4268 1394 4327 aberrantes
1425 4266 1735 4325 finxissent
1765 4266 1838 4325 de
1869 4267 2131 4326 Patricio
2162 4287 2272 4345 per
2294 4265 2485 4345 Alpes
2506 4270 2758 4329 Romam
