3025 4909
1116 223 1549 281 -59--

160 403 364 463 0111111
441 403 717 483 epistula,
777 407 986 482 utpote
1046 402 1269 482 scripta
1323 423 1392 461 eo
1451 407 1743 500 tempore,
1807 423 1923 481 quo
1984 422 2113 461 cum
2159 402 2445 463 Hibernis

162 494 326 554 sedi
394 494 757 572 apostolicae
817 493 933 552 fuit
994 493 1403 551 commercium
1462 528 1546 537 -—
1593 513 1729 552 nam
1791 499 2015 570 septem
2075 493 2246 552 annis
2307 498 2445 552 ante

165 584 404 661 legati
455 605 526 641 ex
571 583 865 642 Hibernia
907 583 1160 641 Romam
1207 588 1493 642 venerant
1540 583 1655 659 (ep.
1689 579 2051 655 Cummeani,
2083 583 2281 642 Usser.
2331 587 2445 642 vet.

169 695 288 751 ep.
361 674 492 732 hib.
540 674 667 750 syll.
723 693 781 750 p.
816 674 897 731 23
951 707 1027 716 -
1080 672 1149 730 cf.
1199 671 1391 731 Skene
1436 671 1505 729 Π
1534 692 1609 749 ·p.
1648 672 1798 748 161)
1847 707 1931 716 —
1978 672 2237 731 omnium
2296 691 2447 748 quae

55 849 60 853 .
174 768 460 822 exstant
504 762 575 821 (16
620 761 732 822 1160
791 782 854 820 16
910 760 1395 820 testimoniorum
1437 761 1724 837 optimum
1786 766 1890 820 est.
1979 761 2187 837 Neque
2248 768 2448 820 tamen

173 853 459 924 bonum,
507 872 640 911 nam
689 858 764 924 et,
813 851 913 927 qui
959 851 1183 909 fuerint
1212 850 1478 908 nonnulli
1512 870 1731 923 eorum,
1780 850 1994 928 quibus
2039 851 2327 928 inscripta
2358 857 2449 910 est

181 941 504 1019 epistula,
563 941 627 1000 111
687 942 917 1000 occulto
981 942 1155 1013 latet,
1217 945 1279 999 et
1323 940 1473 1017 proh
1519 939 1708 997 dolor!
1772 939 2043 1016 ambigue
2089 940 2311 999 dictum
2359 946 2450 999 est

182 1031 361 1089 illud
415 1030 716 1112 ceterisque
760 1027 1170 1089 doctoribus
1215 1048 1333 1089 seu
1377 1025 1750 1088 abbatibus
1781 1022 2002 1088 Scottis.
2067 1028 2248 1087 Certo
2294 1029 2448 1087 enim

186 1121 277 1180 ad
315 1120 519 1179 solum
551 1119 840 1179 8616111110
872 1118 1245 1177 referendum
1276 1139 1395 1176 non
1426 1124 1533 1191 est,
1581 1118 1684 1176 sed
1716 1124 1918 1177 utrum
1950 1118 2022 1177 (10
2056 1118 2327 1178 omnibus
2373 1139 2451 1177 an

190 1211 276 1269 de
333 1210 483 1270 solis
526 1209 819 1268 01010600
866 1208 1248 1283 Ernianoque
1310 1214 1372 1267 et
1430 1207 1814 1283 sequentibus
1859 1206 2081 1266 dictum
2128 1207 2234 1280 sit,
2282 1207 2449 1266 dubi·

192 1307 347 1359 tare
397 1298 555 1360 licet.
618 1297 722 1357 Ad
768 1318 967 1356 omnes
1013 1297 1321 1356 referenda
1367 1318 1491 1358 esse
1537 1296 1641 1354 1116
1686 1298 1884 1369 verba,
1933 1318 2061 1355 mea
2109 1303 2198 1355 est
2231 1296 2449 1374 opinio,

194 1409 434 1466 neque,
483 1407 613 1446 cum
659 1387 969 1465 permagni
1015 1387 1297 1446 momenti
1343 1387 1421 1446 sit
1466 1387 1610 1444 11660
1654 1406 1773 1459 166,
1820 1391 2066 1459 taceam,
2114 1385 2329 1464 quibus
2376 1387 2451 1444 ad

195 1479 370 1538 116110
438 1476 775 1555 opinionem
834 1476 1123 1535 adductus
1183 1477 1292 1534 sim
1352 1476 1740 1552 argumentis:
1812 1474 1906 1533 Ac
1966 1476 2155 1554 primo
2217 1475 2451 1551 quidem

204 1567 383 1645 quod
431 1566 577 1645 ipsis
622 1565 817 1626 verbis
862 1566 1005 1625 11660
1059 1566 1474 1642 interpretatio
1533 1564 1739 1623 melius
1795 1565 2050 1641 quadrat
2111 1585 2285 1642 quam
2332 1564 2451 1637 illa,

207 1656 481 1716 secundo
529 1655 704 1730 quod,
753 1655 904 1715 sicut
948 1655 1103 1715 infra
1150 1654 1492 1727 videbimus,
1525 1654 2146 1729 Nordenhymbrorum
2194 1654 2455 1732 episcopi

204 1746 400 1805 iidem
460 1764 661 1804 omnes
722 1745 968 1804 abbates
1026 1744 1210 1803 fuisse
1267 1744 1571 1816 videntur,
1632 1744 1812 1803 tertio
1876 1743 2034 1819 quod
2078 1742 2454 1802 Ardmachae

211 1856 375 1913 quae
428 1834 717 1906 Tomiani,
764 1833 1049 1893 Clonardi
1096 1854 1261 1911 quae,
1307 1839 1377 1892 ut
1422 1832 1684 1905 videtur,
1734 1832 2084 1893 Columbani
2130 1834 2294 1892 sedes
2339 1833 2456 1891 fuit

216 1925 320 2001 (cf.
356 1923 685 1984 Stevenson
717 1924 776 1981 in
811 1921 1296 1984 annotationibus
1334 1923 1411 1982 ad
1440 1917 1640 1981 Bedae
1673 1923 1710 1981 1.
1744 1921 1858 1999 0.Ῑ)
1890 1923 2246 1981 monasteria
2275 1922 2456 1981 fuisse

218 2018 462 2074 constat
486 2013 582 2089 (cf.
618 2033 798 2090 supra
820 2012 900 2070 55
929 2014 1058 2089 sq.),
1094 2021 1307 2089 quarto
1340 2012 1499 2089 quod
1531 2012 1592 2070 in
1608 2011 1951 2094 Adamnani
1975 2012 2102 2071 vita
2134 2011 2455 2070 Columbae

221 2106 310 2180 (1,
347 2103 431 2160 40
464 2125 521 2180 p.
558 2101 713 2181 212)
746 2101 1003 2162 occurrit
1034 2101 1312 2161 Conallus
1345 2101 1584 2179 quidam
1619 2099 1937 2180 episcopus,
1985 2119 2161 2178 quem
2208 2100 2457 2160 eundem

221 2192 582 2254 monasterio
631 2191 858 2252 cuidam
906 2191 1232 2268 praefuisse
1287 2190 1571 2250 sermonis
1626 2196 1935 2250 contextus
1990 2190 2187 2263 docet,
2249 2190 2456 2268 quinto

225 2282 388 2360 quod
449 2282 607 2382 apud
666 2281 915 2342 eundem
975 2280 1395 2340 Adamnanum
1462 2279 1682 2338 mentio
1751 2279 1822 2338 fit
1881 2278 2076 2356 Golgii
2138 2280 2456 2355 cujusdam,

220 2368 505 2451 primarii
557 2366 806 2451 alicujus
866 2366 1126 2428 ecclesiae
1171 2370 1384 2445 (117
1436 2392 1493 2448 p.
1546 2368 1716 2445 204),
1781 2369 1881 2446 (1111
1942 2389 2071 2428 cum
2134 2388 2458 2428 sermonem

225 2460 503 2520 habuisse
551 2459 784 2518 dicatur
829 2479 960 2518 cum
992 2458 1280 2517 Columba
1311 2458 1384 2519 de
1427 2477 1544 2517 uno
1575 2456 1762 2518 tenaci
1796 2455 2145 2539 primatium
2189 2457 2261 2517 de
2280 2476 2455 2537 prae-

224 2547 426 2629 positi-s
472 2567 610 2609 suae
656 2547 968 2609 dioeceseos
1013 2549 1098 2623 (1,
1133 2548 1214 2605 29
1262 2569 1319 2626 p.
1354 2548 1510 2625 208)
1560 2548 1868 2625 episcopus
1916 2554 2002 2621 et,
2050 2568 2180 2606 011111
2228 2547 2460 2624 saepius

233 2639 390 2716 apud
437 2636 787 2697 Columbam
832 2638 880 2697 J
880 2658 1027 2697 onae
1076 2643 1464 2697 commoratus
1506 2637 1601 2710 sit,
1659 2636 1977 2695 monachus
2024 2642 2115 2696 est
2157 2637 2460 2695 habendus

236 2729 330 2803 (of.
377 2725 635 2785 Adamn.
689 2729 743 2798 l,
793 2728 871 2785 27
922 2749 979 2804 p.
1028 2728 1202 2803 207),
1266 2733 1433 2786 sexto
1494 2727 1750 2802 denique
1810 2726 1968 2801 quod
2026 2726 2090 2784 in
2150 2725 2460 2784 annalibus

237 2837 407 2894 saepe
456 2820 771 2876 occurrunt
817 2816 1076 2893 episcopi
1125 2817 1224 2893 qui
1263 2816 1447 2874 'iidem
1478 2816 1724 2875 abbates
1770 2820 1941 2874 erant
1972 2811 2113 2891 (vid.
2148 2814 2342 2874 Skene
2373 2814 2459 2887 ΙΙ,

240 2928 295 2983 p.
342 2906 421 2963 44
469 2911 591 2965 not.
641 2905 725 2982 8).
821 2903 939 2963 Sed
1003 2905 1362 2964 levissimum
1411 2911 1501 2964 est
1559 2905 1708 2963 illud
1765 2914 2014 2965 sextum.
2114 2905 2269 2965 Nam
2331 2924 2461 2962 cum

243 2993 531 3054 annalium
589 2994 691 3071 qui
738 3000 973 3054 exstant
1018 2994 1433 3070 antiquissimi,
1478 2993 1839 3070 Tigernachi
1870 2995 1940 3071 (†
1978 2994 2170 3071 1088)
2203 2995 2460 3066 61106106,

245 3085 464 3143 66001110
531 3083 763 3141 demum
822 3084 1128 3142 undecimo
1177 3083 1497 3160 conscripti
1558 3083 1701 3155 sint,
1764 3104 1953 3161 pauca
2010 3083 2142 3154 illa,
2207 3103 2356 3159 quae
2400 3082 2461 3139 in

249 3174 544 3232 annalibus
591 3173 828 3249 prodita
874 3179 1011 3231 sunt
1056 3172 1415 3246 hujusmodi:
1480 3168 1577 3231 ille
1622 3169 1791 3253 episc.
1839 3170 1997 3244 obiit,
2058 3168 2154 3231 ille
2197 3170 2367 3251 episc.
2412 3179 2464 3229 et

251 3260 364 3321 abb.
407 3260 557 3334 obiit,
604 3258 700 3320 ille
743 3259 870 3321 abb.
910 3260 1055 3324 ,obiit
1099 3261 1310 3320 idonea
1357 3282 1482 3319 esse
1529 3281 1645 3319 non
1688 3260 1981 3332 videntur,
2030 3261 2242 3338 quibus
2289 3279 2460 3337 argu-

252 3352 447 3412 mentis
492 3358 748 3410 utamur.
811 3350 946 3410 Etsi
994 3351 1149 3409 enim
1198 3350 1633 3427 antiquioribus
1681 3350 1917 3428 scriptis
1962 3350 2055 3409 1161
2085 3357 2223 3409 sunt
2255 3349 2461 3427 'Piger-

257 3441 457 3500 nachus
505 3446 566 3500 et
610 3440 983 3517 posteriores,
1031 3446 1230 3499 tamen
1262 3446 1425 3499 certa
1456 3459 1600 3511 esse,
1649 3459 1798 3518 quae
1837 3439 1909 3498 (10
1942 3439 2235 3517 dignitate
2267 3440 2463 3516 singu-

256 3531 426 3589 lorum
473 3527 879 3607 prodiderunt,
929 3530 1059 3607 quis
1105 3528 1399 3588 affirmet?
1467 3528 1602 3588 Non
1651 3548 1790 3587 vero
1838 3530 2075 3587 omnino
2131 3549 2281 3605 nego
2333 3527 2465 3587 fieri

258 3640 433 3696 posse,
478 3626 547 3676 ut
603 3618 921 3696 aliquando
967 3618 1031 3677 id
1072 3618 1294 3695 ipsum,
1360 3617 1517 3694 quod
1572 3618 1809 3678 annales
1856 3618 2116 3693 ejusdem
2162 3617 2324 3676 urbis
2371 3617 2465 3677 vel

261 3707 581 3768 monasterii
643 3708 943 3784 praesules
999 3707 1173 3767 modo
1231 3708 1479 3766 abbates
1540 3706 1714 3765 modo
1761 3707 2066 3785 episcopos
2114 3713 2176 3766 et
2220 3708 2467 3766 abbates

266 3797 560 3870 nominant,
608 3795 685 3855 ad
730 3797 1195 3856 adumbrandam
1228 3796 1504 3856 600166166
1537 3795 1845 3855 Scotorum
1893 3796 2199 3855 historiam
2241 3796 2467 3873 aliquid

267 3886 518 3945 momenti
564 3885 801 3960 afferat,
848 3887 951 3945 sed
996 3886 1205 3946 itidem
1251 3885 1381 3945 fieri
1425 3886 1651 3964 potuit,
1699 3891 1768 3944 ut
1814 3886 2114 3944 nominum
2161 3906 2228 3945 ac
2272 3884 2464 3962 digni-

268 3979 432 4034 tatum
491 3975 683 4034 minus
747 3975 1065 4053 diligenter
1125 3977 1414 4036 rationem
1475 3974 1762 4034 haberent
1825 3974 2160 4053 scriptores.
2250 3974 2466 4049 Itaque

396 4203 413 4233 ¹
451 4201 645 4256 Verba
684 4204 949 4256 adderem
977 4204 1046 4256 de
1074 4203 1370 4266 BaithanO,
1411 4202 1520 4254 nisi
1560 4201 1703 4256 falsa
1741 4207 1940 4262 essent,
1983 4219 2124 4270 quae
2154 4201 2468 4254 Stevenson

274 4276 324 4327 in
355 4274 708 4327 annotatione
748 4275 818 4327 de
860 4290 925 4326 eo
963 4274 1197 4341 profert.
1263 4273 1351 4326 De
1391 4274 1572 4325 altero
1614 4274 1762 4326 enim
1799 4273 2076 4326 Baithano
2104 4271 2466 4326 Adamnanus

278 4347 466 4401 locutus
506 4361 625 4399 esse
662 4345 905 4410 videtur,
945 4345 1014 4399 de
1054 4346 1233 4398 altero
1273 4344 1313 4397 J
1316 4344 1562 4397 ohannes
1601 4361 1765 4411 papa.
