3025 4909
1448 164 1891 222 —24—

553 346 637 422 (h.
683 366 733 404 e.
786 346 839 418 1,
891 345 970 402 12
1018 346 1131 421 sq.)
1197 378 1271 387 -—
1340 344 1698 422 praecipuus
1756 343 1926 402 testis
1984 351 2074 402 est
2133 342 2576 402 consuetudinis
2637 341 2802 401 inter

552 434 869 495 Britonum
902 440 963 493 et
993 433 1395 492 Romanorum
1426 433 1719 506 ecclesias,
1765 433 1986 511 quippe
2032 433 2134 509 qui
2181 434 2540 493 mentionem
2586 432 2804 491 fecerit

554 526 628 583 de
675 523 975 583 Germano
1023 545 1060 581 a
1104 522 1442 581 Coelestino
1494 543 1652 600 papa
1705 523 1768 580 in
1811 520 2192 581 Britanniam
2237 523 2462 581 misso?
2529 522 2802 580 Hinime.

554 615 875 691 Quousque
937 613 1093 671 enim
1162 612 1359 671 abiret
1419 611 1747 671 historialis
1816 611 2128 688 diligentia
2186 611 2238 670 si
2296 611 2480 671 verba
2539 618 2612 670 ut
2672 630 2801 682 „no

553 681 2802 782 mecaureadtheworksofflowwithozdnouhbzffithatluk

553 787 911 874 dtiefobjoet
938 811 1062 850 was
1091 798 1149 850 to
1178 788 1445 873 maymjfy
1474 787 1566 848 the
1603 788 1962 870 impet-eme
2005 788 2076 872 os
2111 787 2206 849 the
2233 786 2477 872 quey
2507 790 2798 866 (Warren

552 904 610 960 p.
660 882 771 959 32)
816 881 1029 940 idonea
1074 888 1271 940 essent
1286 926 1299 953 ‚
1363 880 1580 956 quibus
1623 879 1696 938 de
1745 880 1936 938 medio
1981 880 2293 939 tolleretur
2337 881 2416 952 is,
2479 880 2583 959 (1111
2638 899 2798 939 1111118

554 977 753 1031 exstat
797 970 1053 1047 scriptor
1098 969 1360 1047 aequalis
1402 989 1592 1047 paene
1633 970 1727 1042 iis,
1772 970 1847 1027 de
1891 970 2106 1047 quibus
2151 990 2308 1028 1111110
2347 969 2564 1047 agitur,
2611 970 2798 1028 rebus

552 1058 781 1138 gestis?
846 1058 1096 1132 Dicant,
1160 1059 1261 1137 qui
1324 1058 1625 1137 Prospero
1681 1057 1858 1117 fidem
1914 1060 2136 1117 habere
2194 1058 2500 1132 dubitant,
2568 1059 2797 1130 dicant,

555 1169 867 1228 quemnam
925 1154 1141 1227 putent
1199 1148 1470 1226 dignum,
1540 1147 1634 1206 cui
1687 1147 1834 1207 fides
1885 1149 2204 1208 tribuatur.
2294 1147 2398 1207 An
2459 1155 2616 1221 erat,
2686 1148 2800 1224 (1111

553 1237 763 1298 melius
807 1238 1066 1299 scribere
1109 1245 1311 1317 posset
1354 1238 1430 1296 de
1475 1238 1900 1296 consuetudine
1930 1239 2089 1297 inter
2117 1237 2397 1297 Britones
2425 1246 2490 1297 et
2518 1238 2799 1311 Romam,

553 1349 731 1406 quam
761 1328 1109 1407 Prosperus,
1154 1333 1366 1406 utpote
1397 1327 1502 1404 (1111
1533 1328 1883 1386 secretarius
1914 1332 2067 1386 esset
2096 1327 2319 1387 Leonis
2357 1348 2552 1406 papae
2581 1327 2798 1386 eodem

552 1418 683 1497 ipso
730 1438 913 1490 811110,
975 1436 1093 1494 (1110
1148 1418 1421 1477 ultimum
1480 1417 1640 1476 illius
1685 1417 2124 1477 consuetudinis
2167 1416 2573 1476 testimonium
2616 1417 2798 1475 nobis

553 1506 852 1566 occurrit?
921 1504 1042 1565 Sed
1100 1506 1163 1565 id
1222 1507 1438 1584 ipsum,
1501 1506 1662 1583 quod
1716 1507 1958 1565 annales
2016 1505 2330 1565 Cambriae
2389 1507 2658 1565 referunt
2714 1504 2798 1565 de

552 1603 903 1656 commutato
946 1614 1079 1655 eum
1124 1616 1295 1677 papa
1340 1591 1539 1655 Leone
1585 1592 1870 1675 paschate
1883 1640 1901 1666 ,
1966 1596 2318 1655 Warrenius
2334 1641 2348 1669 ,
2416 1596 2534 1655 11181
2596 1596 2795 1669 fallor,

552 1684 816 1758 reticuit,
886 1684 1094 1744 dubito
1142 1706 1219 1744 an
1264 1686 1352 1762 de·
1383 1686 1702 1759 industria,
1772 1706 1911 1744 nam
1964 1705 2154 1762 neque
2210 1686 2512 1744 annalium
2566 1685 2630 1743 111
2674 1685 2796 1743 1180

551 1795 616 1833 re
660 1773 806 1834 fides
852 1780 915 1833 et
957 1775 1281 1834 auctoritas
1327 1776 1424 1850 (cf.
1471 1776 1551 1834 H.
1598 1775 1715 1834 and
1761 1773 1849 1834 St.
1895 1776 1946 1843 Ι,
1992 1796 2051 1852 p.
2090 1773 2214 1833 152
2262 1779 2410 1853 not.)
2456 1795 2649 1852 neque
2693 1795 2794 1832 res

551 1864 681 1943 ipsa
712 1863 949 1924 videtur
977 1884 1151 1942 posse
1198 1865 1398 1923 vocari
1442 1865 1506 1922 in
1551 1864 2002 1924 dubitationem.
2063 1862 2165 1922 An
2212 1865 2428 1923 mirum
2473 1872 2582 1937 est,
2627 1864 2792 1941 quod

550 1954 910 2032 imperatore
934 1952 1358 2013 Valentiniano
1404 1953 1526 2012 III.
1571 1954 1715 2026 Leo,
1762 1954 2118 2012 clarissimus
2162 1954 2263 2011 ille
2308 1955 2618 2033 episcopus
2664 1953 2787 2011 Ro-

551 2062 787 2116 manus,
847 2041 1251 2122 principatum
1297 2044 1542 2102 tenebat
1585 2045 1648 2101 in
1694 2043 1938 2102 ecclesia
1983 2042 2298 2101 Britonum
2315 2088 2330 2118 ,
2391 2044 2493 2122 qui
2539 2064 2607 2103 eo
2654 2042 2786 2120 ipso

551 2151 706 2191 anno
753 2131 911 2203 445,
980 2152 1097 2208 quo
1148 2132 1631 2191 Valentinianum
1693 2132 1952 2191 edictum
2014 2152 2184 2191 suum
2244 2133 2514 2193 omnibus
2577 2138 2785 2191 notum

550 2220 803 2281 edidisse
850 2226 1110 2295 constat,
1169 2221 1420 2300 imperio
1475 2221 1749 2281 Romano
1802 2223 2058 2297 subjecti
2111 2242 2237 2281 esse
2290 2243 2409 2282 11011
2460 2226 2585 2300 jam
2631 2221 2783 2280 desi-

550 2310 766 2371 erant?
835 2309 1025 2369 Immo
1079 2312 1536 2389 persuadeamus
1582 2312 1752 2371 nobis
1795 2313 2022 2391 primae
2068 2312 2283 2371 aetatis
2328 2312 2646 2373 Britonum
2692 2331 2782 2369 ee-

550 2400 785 2460 clesiam
832 2400 904 2458 de
950 2400 1210 2477 primatu
1255 2400 1513 2459 Romani
1558 2401 1855 2479 pontificis
1900 2402 2077 2461 aliter
2129 2422 2248 2460 non
2305 2402 2554 2462 sensisse
2600 2406 2784 2478 atque

550 2496 775 2549 ceteras
819 2488 1200 2549 occidentalis
1245 2489 1480 2568 imperii
1526 2492 1878 2570 provincias.
1965 2490 2182 2550 Gildae
2228 2512 2370 2552 vero
2416 2492 2786 2570 temporibus

548 2579 768 2638 nullam
815 2578 1166 2639 Britonibus
1212 2600 1341 2638 cum
1385 2578 1672 2640 Romanis
1716 2581 2201 2640 necessitudinem
2248 2582 2429 2641 fuisse
2465 2582 2785 2640 Warrenio

548 2667 804 2728 libenter
848 2669 1121 2742 concedo,
1166 2669 1270 2728 sed
1316 2668 1459 2746 quid
1504 2669 1579 2728 de
1621 2670 1734 2729 1180
1777 2690 1841 2728 re
1882 2670 2266 2746 judicandum
2312 2671 2393 2730 sit
2436 2691 2618 2749 supra
2655 2674 2784 2746 jam

550 2757 1002 2817 commemoravi
1047 2760 1130 2837 (p.
1183 2760 1308 2835 17).
1401 2758 1569 2832 Quae
1616 2780 1748 2817 cum
1793 2760 1882 2819 ita
1928 2759 2065 2834 sint,
2113 2781 2230 2819 non
2276 2761 2576 2834 habemus,
2622 2761 2784 2839 quod

547 2845 829 2906 Britones
882 2846 1128 2906 ineunte
1183 2847 1416 2907 saeculo
1470 2849 1724 2926 septimo
1781 2849 2025 2910 infestos
2083 2850 2263 2909 fuisse
2309 2857 2584 2928 putemus
2629 2850 2781 2928 epis-

548 2954 695 3015 copo
742 2935 1030 2995 Romano.

724 3024 973 3102 Bejecta
1025 3025 1213 3103 igitur
1256 3025 1552 3085 sententia
1599 3046 1826 3100 eorum,
1897 3027 2001 3105 (1111
2041 3028 2315 3104 judicant
2366 3029 2509 3105 fuga
2562 3028 2779 3106 princi-

546 3122 725 3195 patus
768 3114 1027 3175 Romani
1071 3115 1337 3194 episcopi
1391 3115 1613 3174 factum
1670 3136 1821 3190 esse,
1882 3124 1952 3176 ut
1995 3116 2278 3177 Britones
2332 3118 2404 3176 de
2450 3116 2779 3196 Augustini

545 3203 864 3283 postulatis
909 3210 1276 3277 recusarent,
1323 3204 1400 3263 ad
1445 3212 1709 3265 nostram
1754 3207 2061 3267 redeamus
2109 3208 2535 3285 quaestionem,
2581 3213 2779 3266 utrum

545 3313 745 3352 amore
790 3313 1016 3352 morum
1062 3299 1447 3372 paternorum
1495 3296 1770 3354 commoti
1811 3295 2091 3356 Britones
2138 3297 2441 3355 renuerint
2485 3317 2604 3355 una
2649 3317 2780 3355 eum

546 3381 888 3460 Augustino
935 3383 1179 3441 verbum
1212 3383 1307 3441 dei
1339 3381 1674 3443 Saxonibus
1719 3386 2060 3463 praedicare
2106 3407 2181 3445 an
2228 3387 2526 3446 noluerint
2570 3383 2780 3464 priscis

548 3471 823 3531 abdicare
879 3471 1166 3546 moribus,
1230 3472 1369 3550 quia
1415 3475 1815 3533 abhorrebant
1861 3495 1897 3533 a
1943 3475 2364 3535 consuetudine
2420 3497 2548 3535 eum
2597 3475 2776 3536 Saxo-

545 3561 737 3621 nibus.
827 3560 1035 3637 Neque
1088 3563 1214 3638 jam
1276 3562 1420 3638 quid
1479 3563 1937 3642 respondeamus
1993 3565 2235 3623 dubium
2284 3572 2373 3625 est
2389 3611 2403 3639 ,
2464 3571 2779 3644 postquam

544 3650 799 3710 vidimus
853 3669 1046 3726 neque
1101 3650 1162 3708 in
1220 3648 1476 3711 Gallieia
1531 3673 1721 3729 neque
1777 3653 1840 3711 in
1888 3653 2089 3713 Gallia
2141 3654 2391 3714 similem
2446 3656 2520 3714 de
2575 3655 2779 3715 iisdem

546 3739 808 3798 moribus
865 3743 1058 3797 ortam
1116 3760 1238 3799 esse
1296 3741 1758 3802 controversiam
1805 3750 1986 3820 atque
2033 3743 2096 3801 in
2140 3744 2473 3804 Britannia.
2566 3744 2779 3803 Odium

547 3828 609 3887 in
657 3826 918 3887 Saxones
935 3870 949 3899 ‚
1015 3829 1172 3906 quod
1231 3831 1453 3908 gentile
1514 3838 1643 3891 erat
1687 3832 2063 3906 Britonibus,
2122 3833 2500 3912 praecipuam
2549 3839 2778 3893 contro-

543 3916 772 3977 versiae
818 3936 1053 3977 causam
1098 3918 1277 3980 fuisse
1323 3919 1384 3978 in
1415 3920 1734 3979 Britannia
1766 3920 2138 3982 manifestum
2188 3944 2311 3982 esse
2357 3923 2501 3982 mihi
2545 3923 2781 3982 videtur

547 4006 727 4083 (idem
773 4006 959 4067 sensit
1006 4007 1198 4068 Varin
1243 4015 1413 4068 mem.
1448 4012 1504 4085 2,
1552 4031 1608 4088 p.
1644 4011 1768 4069 227
1804 4014 1975 4088 sqq.).
2065 4011 2290 4071 Priscis
2336 4013 2612 4072 abdicare
2658 4032 2775 4071 mo-

542 4095 709 4154 ribus
768 4116 887 4154 non
947 4097 1061 4156 8110
1127 4098 1368 4158 consilio
1427 4099 1545 4159 nisi
1604 4105 1672 4158 ut
1725 4100 2065 4160 societatem
2124 4101 2504 4161 christianam
2560 4102 2778 4160 inirent

542 4203 672 4242 cum
734 4183 1034 4245 Saxonum
1095 4194 1274 4264 gente
1335 4188 1595 4248 omnium
1655 4189 1914 4248 maxime
1970 4189 2085 4249 sibi
2141 4190 2362 4265 invisa,
2417 4191 2529 4250 1100
2575 4190 2777 4249 durius

542 4280 686 4349 erat,
735 4295 911 4355 quam
958 4277 1117 4355 quod
1161 4276 1362 4337 odium
1407 4279 1539 4337 fieri
1584 4278 1821 4339 sineret.
1883 4278 2350 4340 Acerbissimum
2397 4280 2553 4339 enim
2599 4280 2776 4339 fuisse
