3025 4909
1176 1207 1767 1311 Argumentum.
1809 1217 1814 1222 ’

2411 1454 2596 1505 pagina

348 1526 766 1597 Prolegomena
857 1564 2229 1584 ................
2383 1527 2482 1578 1-
2557 1527 2595 1581 8

346 1617 500 1673 Pars
535 1617 757 1675 Priore·
787 1617 1106 1674 Britonum
1143 1616 1398 1673 ecclesia
1484 1653 2229 1671 .........
2376 1615 2481 1671 8-
2521 1616 2592 1670 29

457 1704 594 1775 Cap.
692 1705 741 1759 Ι.
784 1705 872 1761 De
908 1706 1349 1776 primordiorum
1386 1708 1572 1760 aetate
1672 1742 2227 1759 .......
2376 1704 2480 1760 8-
2524 1706 2595 1759 12

507 1834 540 1860 ,,
650 1793 736 1849 ΙΙ.
777 1793 866 1849 De
905 1796 1150 1851 secunda
1187 1798 1377 1849 aetate
1415 1793 1755 1863 (450—597)
1856 1831 2231 1848 .....
2345 1796 2482 1849 12-
2525 1796 2597 1851 18

503 1922 535 1949 ,,
627 1881 742 1938 ΙΠ.
784 1882 873 1937 De
912 1883 1211 1939 Britonum
1248 1885 1307 1938 in
1346 1881 1535 1939 Gallia
1572 1886 1633 1938 et
1655 1880 1936 1952 Hispania
1978 1880 2236 1937 ecclesiis
2347 1882 2483 1938 18—
2512 1885 2595 1941 ‚22

504 2011 535 2038 „
637 1970 742 2027 IV.
782 1972 870 2027 De
908 1974 1082 2028 tertia
1120 1976 1308 2028 aetate
1346 1971 1548 2042 (597—
1588 1988 1670 2025 ca.
1711 1970 1844 2041 800)
1937 2010 1955 2025 .
2031 2009 2044 2024 .
2122 2009 2135 2025 .
2212 2011 2225 2026 .
2337 1971 2477 2025 22-
2522 1973 2597 2029 29

350 2060 502 2117 Pars
537 2061 879 2131 posteriore
917 2061 1188 2119 Ecclesia
1223 2063 1486 2120 Hiberno
1501 2090 1523 2107 ·
1538 2061 1855 2119 Scotorum
1943 2100 1957 2115 .
2035 2098 2049 2113 .
2126 2098 2139 2113 .
2216 2099 2229 2113 .
2342 2061 2591 2116 29—114

458 2148 596 2219 Gap.
697 2150 744 2206 L
784 2150 873 2205 De
910 2152 1237 2220 primordiis
1313 2188 2230 2207 ...........
2343 2149 2483 2204 30-
2524 2152 2597 2206 53

503 2278 536 2305 ,,
658 2238 738 2295 Π.
776 2237 867 2294 De
905 2241 1152 2295 secunda
1190 2244 1380 2295 aerato
1407 2279 1419 2293 .
1496 2278 1509 2293 .
1586 2279 1599 2293 .
1669 2264 1673 2268 ·
1678 2276 1962 2296 .....
2038 2275 2054 2292 .
2129 2276 2142 2292 .
2218 2278 2232 2293 .
2344 2239 2592 2295 53-114

564 2327 596 2399 5
638 2329 687 2383 1.
729 2328 819 2383 De
860 2329 1136 2383 Columba
1173 2328 1402 2383 Hiiensi
1495 2365 2232 2384 .........
2344 2327 2481 2382 53—
2523 2328 2598 2384 73

561 2417 594 2489 ἓ
632 2418 682 2474 2.
722 2413 812 2473 Dc
853 2417 1455 2486 Nordanhymbrorum
1492 2417 1733 2471 ecclesia
1765 2455 2231 2473 ......
2343 2417 2481 2473 73-
2522 2417 2591 2472 89

564 2507 606 2578 ξ
638 2507 688 2562 3.
726 2505 825 2562 De
854 2506 1041 2565 scotis
1079 2505 1598 2577 peregrinantibus,
1655 2506 1726 2560 de
1766 2504 2044 2561 Columba
2079 2505 2268 2562 Luxo-

730 2595 911 2650 viensi
951 2598 1010 2650 et
1047 2596 1117 2651 de
1155 2596 1275 2665 ejus
1314 2595 1608 2666 discipulis
1672 2631 2231 2652 .......
2341 2596 2593 2652 89-114

347 2683 649 2741 Conclusio
672 2721 2228 2740 ..................
2306 2685 2599 2740 114-120
