3025 4909
1164 205 1609 263 ...41-

258 391 323 445 et
371 385 448 443 ad
494 384 718 444 insulas
763 384 944 443 maris
989 383 1285 461 Tyrrheni
1340 385 1608 461 profecto
1671 385 1768 459 (cf.
1793 382 2121 457 Windisch,
2167 406 2223 463 p.
2261 386 2341 443 10
2375 387 2504 463 sq.).

260 478 434 550 Quae
478 474 774 534 sententia
804 474 854 533 si
884 494 1026 533 vera
1060 479 1230 547 esset,
1278 473 1445 531 Fieci
1474 473 1725 549 hymnus
1759 473 2076 532 Tirechani
2106 479 2302 533 aetate
2332 476 2506 552 longe

255 565 558 624 vetustior
618 569 773 622 esset
832 563 1168 636 habendus,
1232 582 1424 640 neque
1486 562 1778 639 quomodo
1839 562 2075 621 fabulae
2136 564 2208 622 de
2253 563 2508 623 Patricii

256 655 481 713 itinere
539 653 807 711 Romano
868 658 1033 711 ortae
1096 658 1317 725 essent,
1380 652 1633 730 amplius
1694 652 2006 710 obscurum
2067 658 2224 711 esset
2282 687 2369 697 —
2432 653 2506 712 iis

257 743 569 815 videlicet,
640 742 741 817 qui
807 763 842 798 a
900 741 1097 801 verbis
1157 762 1277 799 non
1336 747 1496 800 recte
1555 741 1876 801 intellectis
1936 741 2173 800 fabulae
2234 743 2507 801 omnibus

257 831 605 910 passeribus
653 837 830 889 notae
877 830 1163 907 originem
1211 829 1404 907 repeti
1445 851 1621 908 posse
1665 835 1896 908 putent.
1989 829 2107 890 Sed
2152 831 2291 890 licet
2335 831 2505 890 dubi-

261 930 414 994 tare,
462 940 659 979 annon
705 920 1077 996 grammatici
1120 919 1209 978 illi
1247 954 1322 963 —-
1359 927 1429 978 ut
1472 926 1702 978 taceam
1751 920 1823 978 de
1854 919 2227 979 Bollandista
2266 955 2340 963 —
2376 941 2506 979 ver-

259 1012 476 1068 borum
535 1011 856 1068 formarum
920 1015 981 1067 et
1040 1014 1375 1068 structurae
1435 1009 1780 1084 diligentius
1835 1009 2128 1068 rationem
2173 1010 2507 1082 habuerint,

265 1119 447 1177 quam
507 1098 983 1157 testimoniorum
1044 1098 1328 1157 historiae
1381 1097 1657 1176 inprimis
1711 1098 1852 1156 libri
1898 1097 2325 1157 Ardmachani.
2416 1099 2508 1159 Ne

263 1195 465 1264 autem
496 1188 623 1247 vice
669 1208 840 1246 versa
884 1186 1195 1246 historicos
1239 1187 1556 1246 verborum
1602 1188 1823 1245 formas
1856 1188 2180 1264 neglexisse
2212 1187 2508 1265 quispiam

262 1278 451 1350 dicat,
511 1277 793 1354 primum,
856 1296 997 1333 num
1051 1277 1437 1353 grammatica
1493 1297 1589 1335 ars
1646 1276 1793 1336 certi
1849 1267 2076 1354 aliquid
2122 1277 2195 1335 de
2241 1277 2510 1336 versibus

266 1367 390 1425 illis
435 1365 772 1444 protulerit,
822 1385 1186 1442 quaeramus.
1262 1366 1398 1427 Non
1443 1365 1712 1443 protulit.
1789 1366 1943 1426 Nam
1989 1387 2108 1425 11011
2153 1367 2341 1425 solum
2374 1365 2508 1424 Sto-

261 1455 480 1527 kesius,
528 1455 621 1513 vir
652 1454 995 1513 Hibernicis
1041 1454 1258 1513 litteris
1304 1461 1544 1531 praeter
1590 1461 1816 1513 ceteros
1856 1454 2028 1513 docte
2060 1454 2342 1528 eruditus,
2388 1474 2509 1512 una

265 1564 401 1604 cum
445 1550 648 1604 vetere
694 1542 969 1602 carminis
1017 1544 1378 1621 explicator-e
1426 1545 1524 1619 (cf.
1571 1543 1899 1616 Windisch,
1947 1544 2029 1601 Ir.
2064 1544 2253 1603 Texte
2298 1564 2355 1621 p.
2403 1545 2507 1619 19)

262 1635 329 1691 in
377 1634 554 1692 aliam
595 1633 949 1691 sententiam
980 1632 1208 1709 accepit
1239 1632 1515 1691 carminis
1547 1653 1769 1706 versus,
1814 1638 1885 1691 ut
1913 1632 2048 1710 ipsi,
2097 1634 2301 1710 quales
2330 1653 2509 1710 supra

263 1729 505 1782 exstant
564 1721 830 1781 conversi
893 1723 969 1780 ab
1028 1721 1158 1795 illo,
1220 1722 1654 1793 demonstrant,
1715 1721 1819 1781 sed
1865 1721 2043 1781 etiam
2089 1721 2509 1794 WindischiuS,

263 1811 542 1871 Stokesio
572 1811 783 1870 iisdem
814 1811 1027 1870 studiis
1059 1810 1313 1870 sociatus
1355 1817 1416 1869 et
1463 1810 1666 1868 eadem
1712 1811 1885 1869 laude
1929 1811 2257 1885 sociandus,
2306 1831 2507 1887 quam-

262 1902 358 1962 vis
402 1901 529 1978 ipse
572 1900 793 1958 Leonis
834 1900 1316 1977 interpretationi
1361 1902 1578 1973 faveat,
1625 1906 1824 1958 tamen
1871 1901 2116 1958 alteram
2162 1900 2326 1957 illam
2359 1920 2508 1958 com-

263 1990 432 2049 muni
477 1990 794 2048 verborum
840 1990 991 2047 mori
1035 2008 1369 2066 repugnare
1401 2010 1474 2047 ne
1505 2008 1625 2046 uno
1659 1989 1896 2065 quidem
1929 1990 2110 2048 verbo
2144 1988 2360 2060 docuit,
2408 1988 2510 2047 sed

264 2080 415 2138 duas
461 2079 607 2137 alias
653 2079 859 2137 attulit
907 2098 1131 2150 causaS,
1176 2097 1355 2136 unam
1384 2077 1841 2155 geographicam
1872 2078 2118 2136 alteram
2149 2078 2509 2149 historicam,

267 2189 446 2245 quae,
495 2168 607 2228 etsi
652 2168 800 2226 levis
848 2173 936 2226 est
982 2173 1222 2239 neutra,
1285 2172 1479 2228 tamen
1526 2188 1649 2225 rem
1696 2167 2031 2244 disceptare
2077 2187 2198 2225 non
2242 2172 2508 2244 possunt.

447 2256 668 2315 Levius
725 2262 816 2315 est
872 2262 1289 2334 argumentum
1344 2256 1494 2314 illud
1555 2255 2043 2333 geographicum‚
2114 2257 2272 2332 quod
2333 2255 2509 2314 mira-

265 2346 450 2405 bilius
497 2345 718 2404 dictum
767 2353 924 2405 esset
968 2345 1213 2405 Latium
1258 2345 1646 2403 meridionale
1700 2365 1809 2422 pro
1864 2346 2010 2403 urbe
2055 2344 2265 2403 Roma.
2356 2345 2512 2405 Nam

269 2435 405 2513 quis
453 2434 607 2493 dixit
652 2435 799 2493 illud
831 2434 1076 2493 Latium
1121 2433 1506 2492 meridionale
1552 2433 2015 2510 intellegendum
2062 2453 2186 2492 esse
2216 2433 2510 2492 Romam?

268 2524 461 2583 Immo
508 2544 619 2601 pro
668 2523 885 2596 „Italia
933 2528 1099 2583 tota“
1147 2523 1370 2583 dictum
1417 2528 1524 2582 est.
1619 2523 1793 2596 Quod
1836 2523 2029 2600 ipsum
2075 2522 2512 2581 Windischium

268 2634 388 2672 non
441 2612 713 2690 fugisset,
785 2613 898 2671 nisi
960 2614 1230 2689 neglecto
1294 2613 1447 2671 libro
1509 2609 1931 2670 Ardmachano
1995 2612 2252 2669 solarum
2311 2617 2508 2688 poste-

266 2704 489 2761 riorum
536 2703 794 2761 vitarum
841 2701 1112 2779 inprimis
1155 2702 1203 2761 J
1204 2702 1415 2760 ocelini
1459 2700 1752 2760 rationem
1797 2699 2117 2760 habuisset.

448 2790 708 2850 Gravius
765 2796 856 2849 est
911 2792 1165 2849 alterum
1216 2791 1366 2849 illud
1427 2790 1799 2863 historicum,
1871 2789 2031 2866 quod
2077 2810 2112 2847 a
2157 2789 2334 2848 nullis
2382 2789 2513 2848 aliis

267 2881 386 2940 nisi
445 2881 520 2939 ab
581 2880 679 2952 iis,
742 2879 846 2955 qui
891 2878 1057 2938 Fieci
1116 2880 1372 2938 carmine
1418 2878 1719 2951 nituntur,
1789 2884 2138 2938 narraretur
2182 2878 2512 2937 Patricium

267 2970 332 3028 in
392 2969 599 3028 insulis
669 2968 848 3027 maris
919 2967 1214 3045 Tyrrheni
1284 2967 1570 3027 Germani
1646 2967 2067 3027 consuetudine
2136 2988 2307 3027 usum
2368 2988 2513 3026 esse.

270 3058 498 3116 Tamen
544 3059 656 3116 hoc
703 3064 1116 3133 argumentum
1162 3058 1439 3115 idoneum
1485 3077 1605 3114 11011
1654 3063 1771 3130 est,
1835 3057 1994 3134 quod
2039 3077 2162 3115 rem
2211 3057 2511 3132 dijudicet.

275 3147 435 3221 Quid
484 3147 680 3205 enim?
726 3147 776 3205 si
821 3153 999 3224 poeta
1046 3147 1192 3204 duas
1239 3145 1627 3220 narrationeS,
1674 3166 1852 3204 unam
1900 3146 2148 3205 similem
2196 3145 2513 3203 Tirechani

270 3237 572 3295 narrantis
617 3235 946 3294 Patricium
993 3235 1055 3293 in
1098 3255 1219 3293 una
1266 3256 1337 3292 ex
1381 3234 1596 3297 insulis
1640 3235 1820 3293 maris
1869 3234 2164 3311 Tyrrheni
2213 3234 2295 3292 30
2328 3254 2512 3293 annos

270 3331 693 3384 commoratum
742 3344 865 3384 esse
913 3323 1194 3400 (Betham
1234 3324 1304 3381 II
1337 3344 1471 3402 app.
1519 3346 1577 3402 p.
1616 3323 1812 3400 XIX)
1859 3329 1919 3382 et
1966 3324 2213 3381 alteram
2261 3323 2512 3382 similem

269 3434 472 3473 eorum
518 3414 755 3486 fabulis,
805 3413 909 3490 qui
954 3413 1285 3472 Patricium
1334 3413 1416 3471 30
1466 3433 1650 3471 annos
1697 3433 1829 3471 cum
1876 3411 2176 3471 Germano
2222 3413 2404 3471 fuisse
2450 3413 2514 3470 in

270 3502 472 3561 Gallia
519 3503 629 3578 (ita
675 3500 841 3579 Oolg.
888 3501 983 3575 ΙΙ,
1046 3503 1117 3561 cf.
1166 3500 1423 3574 Schoell,
1488 3501 1730 3578 Herzog
1773 3502 1850 3560 R.
1896 3501 1969 3559 E.
2023 3503 2120 3573 11,
2168 3522 2225 3578 p.
2275 3502 2400 3559 207
2453 3507 2515 3559 et

269 3594 520 3651 fortasse
574 3595 697 3667 jam
760 3591 1030 3649 Muirchu
1092 3593 1161 3649 cf.
1218 3591 1474 3650 Betham
1522 3590 1592 3648 II
1637 3611 1772 3668 app.
1817 3614 1876 3668 p.
1923 3590 2122 3650 XVII
2168 3611 2299 3649 cum
2346 3612 2404 3668 p.
2452 3589 2512 3666 I)

267 3683 557 3754 referunt,
618 3680 706 3739 ita
762 3680 1094 3756 conjunxit,
1159 3686 1229 3739 ut
1288 3680 1548 3739 medium
1593 3680 1877 3755 quiddam
1924 3685 2123 3738 tenere
2170 3678 2511 3739 videretur?

267 3770 485 3847 Itaque
531 3770 617 3828 nil
663 3771 887 3841 obstat,
935 3770 1247 3845 quominus
1293 3769 1425 3828 aliis
1472 3769 1663 3828 causis
1708 3769 1899 3845 iisque
1944 3767 2310 3845 gravissimis
2357 3789 2511 3828 com-

269 3860 416 3918 moti
459 3858 817 3918 Windischii
870 3858 1426 3936 interpretationem
1471 3859 1827 3933 reJ'iciamus,

447 3948 612 4006 Luce
660 3947 815 4006 enim
862 3948 1076 4006 clarius
1124 3956 1215 4007 est
1258 3953 1527 4024 poetam,
1577 3967 1708 4006 cum
1756 3946 1983 4005 diceret
2027 3968 2121 4021 ea,
2189 3967 2339 4024 quae
2385 3946 2513 4024 ipse

268 4038 343 4096 de
387 4036 640 4095 Patricii
685 4037 1000 4097 itineribus
1046 4038 1439 4111 narravisset,
1487 4037 1693 4095 eadem
1739 4057 1894 4108 esse,
1945 4056 2095 4113 quae
2142 4037 2367 4114 scripta
2413 4036 2511 4094 de-

269 4128 571 4186 clararent
617 4126 760 4202 (vid.
809 4131 1042 4204 supra),
1113 4145 1464 4204 provocasse
1511 4126 1587 4183 ad
1634 4125 1837 4183 eadem
1883 4124 2014 4203 ipsa
2060 4124 2285 4202 scripta
2331 4131 2512 4203 atque

270 4213 668 4274 Tirechanum
713 4216 908 4275 verbis
952 4216 1073 4275 illis
1118 4236 1299 4294 supra
1338 4217 1463 4291 jam
1510 4214 1981 4273 commemoratis
2024 4213 2210 4272 hisce:
2271 4213 2508 4294 naviya-

266 4303 346 4363 vit
396 4348 408 4362 .
441 4347 455 4362 .
489 4348 502 4361 .
540 4323 655 4386 per
703 4298 931 4364 Gallias
975 4313 1146 4386 atque
1202 4300 1443 4363 Italiam
1496 4312 1680 4362 totam
1732 4312 1903 4383 atque
1955 4300 2018 4361 in
2070 4299 2269 4362 insolis
2285 4345 2303 4373 ‚
2364 4322 2514 4382 quae
