3025 4909
1418 181 1858 238 —56—

525 359 883 421 nominanda
919 365 1060 419 sunt
1090 357 1573 419 Ardmachanum
1619 356 1683 420 in
1712 358 1975 433 Ultonia‚
2024 361 2188 436 cujus
2230 359 2416 418 abbas
2456 392 2537 401 —
2577 362 2825 436 poste-

525 451 680 511 riore
728 449 962 527 quidem
994 453 1190 507 aetate
1221 449 1403 525 (697)
1441 484 1513 493 -
1553 449 1871 508 multorum
1919 449 2261 508 clericorum
2308 447 2592 526 synodali
2642 467 2823 506 con-

523 538 729 600 ventui
775 537 1100 616 praefuisse
1144 538 1336 596 fertur
1382 536 1602 615 (Skene
1633 537 1718 612 H,
1749 560 1808 616 p.
1845 539 1998 615 173)
2042 544 2102 598 et
2146 538 2374 617 primus
2420 537 2827 596 nominabat

525 630 587 687 in
636 628 889 705 epistula
933 626 981 686 J
981 625 1230 686 ohannis
1275 646 1465 704 papae
1511 626 1669 686 infra
1714 628 2250 701 commemoranda,
2305 626 2672 686 Leclinense
2732 624 2823 682 in

525 716 809 795 Lagenia,
857 714 1145 775 Clonense
1192 714 1652 795 (Clonmacnois)
1696 717 1760 776 in
1805 717 2006 790 Midia,
2055 716 2467 776 Glonfertense
2515 716 2584 774 in
2621 715 2820 774 Con-

530 806 727 866 nactia
757 806 982 883 (Πειθοῖ,
1024 802 1276 881 AntiqU.
1305 826 1367 883 p.
1402 806 1573 884 955),
1620 807 1872 867 alterum
1903 806 2312 866 Clonfertense
2342 807 2405 865 in
2437 805 2819 865 confinibus

523 895 855 957 Momoniae
887 900 948 954 et
976 894 1280 972 Lageniae
1312 892 1533 970 (Skene
1562 895 1649 969 H,
1680 917 1738 974 p.
1773 896 1901 974 56),
1948 917 2197 975 quorum
2229 895 2564 955 Cumeanus
2611 915 2815 953 men·

525 987 746 1047 tionem
790 984 932 1043 fecit
975 984 1037 1042 in
1083 984 1337 1061 epistula
1381 1005 1506 1044 sua.
1524 985 1550 1022 1
1610 983 1754 1044 Alia
1799 1005 1940 1046 num
1985 986 2117 1064 pari
2146 985 2506 1045 auctoritate
2549 984 2813 1043 florue-

524 1075 663 1147 rint,
709 1072 962 1146 nesci0,²
1005 1093 1197 1150 neque
1241 1073 1418 1132 velim
1463 1079 1637 1153 putes
1683 1095 1911 1149 eorum,
1968 1096 2119 1153 quae
2166 1074 2813 1146 commemoravimuS,

526 1163 1017 1223 monasteriorum
1077 1163 1490 1223 auctoritatem
1561 1169 1792 1224 tantam
1859 1164 2066 1239 fuisse,
2138 1165 2362 1242 quanta
2421 1163 2818 1223 monasterii

524 1253 810 1313 Hiiensis.

701 1342 914 1421 Neque
971 1342 1100 1420 ipse
1162 1340 1473 1412 Columba,
1544 1342 1596 1402 si
1656 1343 1719 1401 in
1778 1342 2075 1403 Hibernia
2134 1344 2471 1417 mansisset,
2534 1348 2809 1402 tantam

526 1432 939 1493 auctoritatem
997 1437 1154 1491 esset
1199 1438 1574 1506 consecutus,
1646 1452 1782 1491 nam
1843 1432 2264 1511 impedimento
2326 1433 2536 1493 fuisset
2597 1432 2808 1509 regni

527 1522 932 1581 Hibernorum
978 1522 1185 1580 forma.
1273 1519 1557 1599 Singulae
1604 1522 1758 1580 enim
1805 1522 2212 1582 Hibernorum
2255 1523 2468 1597 tribus,
2514 1542 2808 1599 quarum

528 1610 708 1670 saluti
754 1610 986 1688 singula
1034 1610 1390 1688 monasteria
1435 1611 1775 1671 serviebant
1821 1611 2043 1688 (Skene
2072 1609 2158 1687 Π,
2190 1634 2249 1691 p.
2285 1616 2320 1671 7
2329 1613 2394 1689 2)
2441 1618 2503 1672 et
2552 1611 2806 1689 quibus

528 1720 659 1759 cum
706 1700 1079 1759 monasteriis
1123 1705 1248 1759 tam
1296 1705 1459 1759 arcta
1504 1701 1875 1760 necessitudo
1931 1707 2084 1776 erat,
2150 1708 2221 1761 ut
2275 1691 2801 1761 monasteriorum

526 1789 775 1849 abbates
830 1791 965 1865 jure
1019 1790 1273 1868 quodam
1319 1790 1716 1850 haereditario
1763 1791 2124 1868 eligerentur
2169 1812 2242 1849 ex
2287 1791 2490 1851 eadem
2538 1810 2801 1868 semper

526 1879 750 1939 familia
806 1880 902 1939 vel
963 1880 1172 1938 saltem
1235 1879 1424 1953 tribu,
1486 1880 1611 1940 sive
1667 1901 1738 1939 ex
1786 1902 1879 1954 ea,
1943 1901 2060 1957 qua
2105 1878 2445 1941 monasterii
2496 1880 2795 1939 conditor

532 1973 698 2028 ortus
743 1975 888 2041 erat,
937 1969 1063 2028 sive
1108 1989 1193 2043 ea,
1242 1990 1313 2027 ex
1361 1989 1478 2045 qua
1523 1975 1700 2029 natus
1748 1977 1876 2030 erat
1907 1970 1976 2044 is,
2024 1971 2127 2048 qui
2171 1970 2261 2029 illi
2293 1990 2467 2047 agros
2500 1970 2784 2046 assigna·

527 2066 697 2118 verat
744 2058 818 2117 ad
866 2058 1340 2119 constituendum
1382 2059 1808 2118 monasterium
1841 2058 2060 2135 (Skene
2091 2059 2175 2132 II,
2207 2081 2265 2137 p.
2301 2061 2382 2117 66
2420 2062 2593 2137 sqq.),
2644 2059 2788 2132 hae,

513 2149 796 2224 inquam,
842 2146 1035 2207 tribus
1080 2148 1144 2205 in
1188 2167 1370 2206 unum
1417 2168 1629 2226 corpus
1675 2168 1794 2207 non
1840 2149 2114 2209 redactae
2161 2155 2332 2209 erant
2376 2148 2493 2207 nisi
2540 2149 2659 2221 ita,
2707 2154 2791 2206 ut

527 2236 810 2316 permulti
873 2237 960 2296 illi
1019 2236 1236 2315 reguli,
1306 2238 1409 2315 qui
1468 2238 1713 2315 singulis
1774 2238 2048 2298 tribubus
2117 2244 2460 2317 praeerant,
2530 2237 2787 2315 regibus

527 2345 840 2406 pagorum,
901 2332 970 2386 ut
1015 2326 1102 2386 ita
1148 2327 1367 2399 dicam,
1428 2327 1622 2405 reguli
1676 2348 1966 2407 pagorum
2025 2329 2267 2405 regibus
2313 2328 2784 2408 provinciarum,

529 2416 783 2492 denique
828 2415 893 2473 hi
937 2415 1198 2492 quinque
1245 2435 1468 2474 summo
1515 2416 1702 2477 totius
1764 2417 1988 2477 insulae
2032 2438 2172 2495 rege
2217 2418 2528 2476 inferiores
2574 2422 2787 2476 essent

532 2504 756 2582 (Skene
787 2504 908 2578 HI,
954 2526 1011 2582 p.
1048 2505 1171 2563 135
1206 2506 1375 2581 sqq..)
1464 2505 1676 2566 Nonne
1724 2515 1974 2584 apparet
2033 2507 2144 2567 hac
2203 2508 2394 2566 forma
2441 2506 2613 2584 regni
2661 2506 2782 2564 Hi·

529 2593 753 2654 bernici
815 2598 874 2651 et
932 2594 1042 2651 hac
1101 2593 1175 2651 de
1234 2595 1598 2654 successione
1657 2598 1940 2655 abbatum
2011 2597 2144 2673 lege
2213 2596 2565 2673 impedit-um
2629 2616 2783 2670 esse,

530 2683 842 2761 quominus
899 2702 1082 2741 unum
1141 2683 1529 2742 monaterium
1578 2687 1671 2744 vel
1732 2705 1921 2763 pauca
1975 2685 2038 2743 in
2096 2684 2367 2744 omnibus
2427 2685 2613 2744 totius
2659 2685 2778 2743 Hi-

531 2772 774 2833 berniae
821 2771 1193 2831 monasteriis
1251 2773 1654 2852 principatum
1714 2775 2029 2833 tenerent?
2097 2774 2288 2833 Immo
2349 2775 2537 2833 multa
2598 2780 2781 2833 erant

531 2862 593 2922 in
641 2860 936 2920 Hibernia
982 2864 1362 2934 monasteria,
1424 2882 1576 2939 quae
1632 2870 1867 2923 tantum
1913 2864 2005 2922 sui
2045 2863 2199 2939 juris
2244 2863 2424 2923 fuisse
2471 2863 2774 2923 videntur.

532 2950 665 3025 Quo
721 2951 940 3009 factum
999 2957 1111 3025 est,
1171 2958 1250 3011 ut
1307 2952 1552 3011 ecclesia
1600 2952 1911 3013 Scotorum
1967 2953 2141 3011 unius
2198 2952 2460 3030 corporis
2516 2952 2779 3031 speciem

530 3061 649 3098 non
695 3040 1025 3119 praeberet.
1117 3042 1343 3101 Deerat
1390 3041 1562 3115 enim,
1614 3044 1716 3119 qui
1762 3044 1824 3101 in
1871 3063 1978 3102 sua
2022 3061 2274 3120 persona
2322 3043 2597 3103 ecclesiae
2642 3042 2778 3101 uni·-

530 3135 717 3189 tatem
764 3135 901 3189 ante
948 3131 1147 3191 oculos
1192 3137 1454 3210 poneret.
1481 3131 1508 3169 3
1599 3133 1772 3205 Quod
1819 3132 1996 3191 etiam
2050 3152 2208 3206 eum,
2272 3133 2376 3208 qui
2434 3133 2775 3209 catalogum

712 3307 734 3338 ¹
772 3304 1107 3360 Numeravit
1158 3306 1307 3359 enim
1358 3304 1589 3374 (Usser‚
1639 3308 1753 3359 vet.
1794 3322 1881 3372 ep.
1929 3304 2147 3358 hibern.
2188 3306 2314 3372 syll.
2373 3323 2427 3373 p.
2469 3305 2564 3374 23)
2616 3304 2776 3359 inter

535 3376 974 3431 sectatissimos
997 3375 1317 3429 Hiberniae
1357 3376 1677 3429 sacerdotes
1716 3392 2062 3430 successores
2092 3376 2148 3429 S.
2179 3376 2368 3439 Albai,
2412 3376 2769 3430 Leclinensis

533 3451 555 3518 (
615 3464 755 3511 eser,
804 3446 984 3517 Antiq
987 3467 1038 3501 u.
1086 3447 1311 3515 Ρ936)
1352 3446 1569 3500 Kerani
1607 3447 1897 3501 Olonensis
1939 3446 2153 3516 (Skene
2191 3447 2272 3512 ΙΙ,
2321 3449 2533 3518 Ρ52),
2590 3448 2769 3501 Bren-

533 3466 1153 3584 danj,'010nfertenspis
1193 3516 1406 3586 (Skene
1444 3517 1518 3570 ib.
1524 3519 1574 3586 ),
1636 3517 1870 3585 Lugidi,
1934 3518 2165 3572 alterius
2206 3518 2613 3573 Olonfertensis
2651 3536 2767 3571 mo-

530 3590 767 3645 nasterii
804 3591 1024 3645 abbatis
1065 3588 1278 3658 (Usser‚
1322 3589 1557 3656 Antiqu.
1599 3589 1702 3643 919
1729 3606 1808 3657 sq.
1850 3589 1968 3644 935.
2010 3589 2157 3659 943).
2225 3590 2399 3645 Tacui
2437 3591 2508 3645 de
2548 3607 2767 3645 succes—

534 3679 659 3716 sore
701 3661 971 3726 Nessani,
1015 3677 1179 3729 quem
1217 3659 1413 3728 quinto
1452 3659 1577 3713 loco
1615 3659 1895 3724 nominat,
1951 3660 2081 3729 quia
2120 3661 2191 3715 de
2229 3661 2353 3732 ipso
2394 3661 2649 3716 Nessano
2686 3660 2768 3715 nil

532 3737 753 3788 constat
814 3732 1003 3796 Usser,
1044 3730 1275 3799 Antiqu.
1317 3730 1463 3798 961).

712 3805 734 3836 2
828 3822 919 3858 am
966 3820 1107 3871 quae
1157 3803 1226 3855 de
1265 3801 1390 3856 aliis
1427 3805 1490 3855 ut
1525 3800 1896 3856 Ratheniensi
1943 3803 2003 3856 in
2039 3804 2269 3859 incertis
2308 3805 2467 3871 vitis,
2527 3805 2766 3859 fortasse

533 3877 714 3931 adhuc
751 3875 922 3928 hodie
960 3873 1188 3927 ineditis
1227 3874 1531 3927 traduntur
1560 3871 1775 3943 (Usser,
1803 3873 2086 3944 Antiquit.
2112 3895 2168 3946 p.
2198 3877 2318 3931 911.
2348 3878 2417 3931 cf.
2446 3846 2574 3945 919)
2617 3876 2764 3945 equi-

532 3948 662 4002 dem
701 3945 1019 4001 examinare
1057 3962 1169 3999 non
1205 3945 1381 4014 potui

717 4018 741 4049 ⁸
780 4015 956 4069 Liber
992 4014 1205 4084 Angeli
1242 4016 1506 4083 (Betham
1545 4016 1635 4080 ΙΙ,
1699 4034 1732 4070 a
1733 4034 1827 4086 Ρ.Ρ
1869 4016 2093 4082 XLVI,
2154 4019 2223 4072 cf.
2265 4036 2434 4085 supra
2483 4035 2538 4086 p.
2576 4020 2670 4087 35)
2709 4021 2765 4071 et

535 4088 694 4142 Fieci
731 4089 970 4155 hymnus
1024 4089 1100 4156 (v.
1141 4086 1208 4141 49
1248 4086 1321 4139 Η.
1362 4088 1472 4142 and
1511 4088 1593 4141 St.
1634 4087 1716 4153 II,
1733 4035 1909 4155 p2‚p
1915 4058 2098 4158 .359)
2148 4089 2267 4142 sedi
2314 4089 2759 4150 Ardmachanae‚

534 4177 701 4230 quam
745 4159 865 4227 jam
913 4157 1173 4211 Muirchu
1226 4157 1490 4226 (Betham
1529 4158 1615 4224 ΙΙ,
1667 4177 1795 4226 app.
1848 4106 1909 4227 pp
1943 4158 2085 4229 XV)
2126 4160 2194 4213 ab
2231 4159 2354 4226 ipso
2394 4158 2644 4214 Patricio
2681 4160 2760 4213 in·

537 4229 2761 4370 {iffi-¹¹13offlansstt‘i-iffitffi'”Zseg'aslffissmffim{Zdssrsskffssffimfflssssuss‘ff¹532?
