<?xml version="1.0" encoding="UTF-8"?>
<!DOCTYPE html PUBLIC "-//W3C//DTD XHTML 1.0 Transitional//EN"
    "http://www.w3.org/TR/xhtml1/DTD/xhtml1-transitional.dtd">
<html xmlns="http://www.w3.org/1999/xhtml" xml:lang="en" lang="en">
 <head>
  <title>
</title>
<meta http-equiv="Content-Type" content="text/html;charset=utf-8" />
  <meta name='ocr-system' content='tesseract 3.04.00' />
  <meta name='ocr-capabilities' content='ocr_page ocr_carea ocr_par ocr_line ocrx_word'/>
</head>
<body>
  <div class='ocr_page' id='page_1' title='image "./deantiquabriton00loofgoog_0116.png"; bbox 0 0 3025 4909; ppageno 0'>
   <div class='ocr_carea' id='block_1_1' title="bbox 1407 218 1895 277">
    <p class='ocr_par' dir='ltr' id='par_1_1' title="bbox 1407 218 1895 277">
     <span class='ocr_line' id='line_1_1' title="bbox 1407 218 1895 277; baseline -0.004 0"><span class='ocrx_word' id='word_1_1' title='bbox 1407 218 1895 277; x_wconf 85' lang='lat'>—110—</span> 
     </span>
    </p>
   </div>
   <div class='ocr_carea' id='block_1_2' title="bbox 530 394 2804 4025">
    <p class='ocr_par' dir='ltr' id='par_1_2' title="bbox 530 394 2798 1452">
     <span class='ocr_line' id='line_1_2' title="bbox 530 394 2796 475; baseline -0 -21"><span class='ocrx_word' id='word_1_2' title='bbox 530 414 710 473; x_wconf 80' lang='lat' dir='ltr'><strong>quam</strong></span> <span class='ocrx_word' id='word_1_3' title='bbox 758 395 919 453; x_wconf 83' lang='lat' dir='ltr'><strong>dicta</strong></span> <span class='ocrx_word' id='word_1_4' title='bbox 966 394 1040 453; x_wconf 88' lang='lat' dir='ltr'><strong>de</strong></span> <span class='ocrx_word' id='word_1_5' title='bbox 1085 395 1390 454; x_wconf 77' lang='lat' dir='ltr'><strong>fratribus.</strong></span> <span class='ocrx_word' id='word_1_6' title='bbox 1451 395 1605 456; x_wconf 82' lang='lat' dir='ltr'><strong>Nam</strong></span> <span class='ocrx_word' id='word_1_7' title='bbox 1652 397 1791 456; x_wconf 87' lang='lat' dir='ltr'><strong>licet</strong></span> <span class='ocrx_word' id='word_1_8' title='bbox 1835 397 2023 456; x_wconf 77' lang='lat' dir='ltr'><strong>levius</strong></span> <span class='ocrx_word' id='word_1_9' title='bbox 2070 398 2149 457; x_wconf 82' lang='lat' dir='ltr'><strong>eit</strong></span> <span class='ocrx_word' id='word_1_10' title='bbox 2179 432 2267 441; x_wconf 92' lang='lat'><strong>—</strong></span> <span class='ocrx_word' id='word_1_11' title='bbox 2297 397 2459 475; x_wconf 82' lang='lat' dir='ltr'><strong>quod</strong></span> <span class='ocrx_word' id='word_1_12' title='bbox 2505 396 2796 473; x_wconf 75' lang='lat' dir='ltr'><strong>equidem</strong></span> 
     </span>
     <span class='ocr_line' id='line_1_3' title="bbox 531 483 2793 562; baseline -0.001 -18"><span class='ocrx_word' id='word_1_13' title='bbox 531 505 651 544; x_wconf 89' lang='lat' dir='ltr'><strong>non</strong></span> <span class='ocrx_word' id='word_1_14' title='bbox 697 483 953 543; x_wconf 86' lang='lat' dir='ltr'><strong>concedo</strong></span> <span class='ocrx_word' id='word_1_15' title='bbox 1005 515 1080 530; x_wconf 88' lang='lat'><strong>--</strong></span> <span class='ocrx_word' id='word_1_16' title='bbox 1133 484 1536 543; x_wconf 74' lang='lat' dir='ltr'><strong>testimonium</strong></span> <span class='ocrx_word' id='word_1_17' title='bbox 1595 486 1745 544; x_wconf 87' lang='lat' dir='ltr'><strong>illud</strong></span> <span class='ocrx_word' id='word_1_18' title='bbox 1801 507 1873 546; x_wconf 83' lang='lat' dir='ltr'><strong>ex</strong></span> <span class='ocrx_word' id='word_1_19' title='bbox 1909 485 2045 546; x_wconf 80' lang='lat' dir='ltr'><strong>&#39;vita</strong></span> <span class='ocrx_word' id='word_1_20' title='bbox 2091 486 2377 544; x_wconf 85' lang='lat' dir='ltr'><strong>Walarici</strong></span> <span class='ocrx_word' id='word_1_21' title='bbox 2437 486 2793 562; x_wconf 76' lang='lat' dir='ltr'><strong>repetitum,</strong></span> 
     </span>
     <span class='ocr_line' id='line_1_4' title="bbox 532 571 2794 651; baseline -0.001 -18"><span class='ocrx_word' id='word_1_22' title='bbox 532 580 733 633; x_wconf 86' lang='lat' dir='ltr'><strong>tamen</strong></span> <span class='ocrx_word' id='word_1_23' title='bbox 779 573 907 650; x_wconf 83' lang='lat' dir='ltr'><strong>ipee</strong></span> <span class='ocrx_word' id='word_1_24' title='bbox 953 572 1263 631; x_wconf 81' lang='lat' dir='ltr'><strong>Ebrardue</strong></span> <span class='ocrx_word' id='word_1_25' title='bbox 1309 593 1428 632; x_wconf 89' lang='lat' dir='ltr'><strong>non</strong></span> <span class='ocrx_word' id='word_1_26' title='bbox 1457 574 1682 651; x_wconf 70' lang='lat' dir='ltr'><strong>poterit</strong></span> <span class='ocrx_word' id='word_1_27' title='bbox 1711 594 1831 634; x_wconf 87' lang='lat' dir='ltr'><strong>non</strong></span> <span class='ocrx_word' id='word_1_28' title='bbox 1861 575 2180 634; x_wconf 79' lang='lat' dir='ltr'><strong>concedere</strong></span> <span class='ocrx_word' id='word_1_29' title='bbox 2211 571 2563 633; x_wconf 81' lang='lat' dir='ltr'><strong>monachum</strong></span> <span class='ocrx_word' id='word_1_30' title='bbox 2594 574 2794 645; x_wconf 68' lang='lat' dir='ltr'><strong>illum,</strong></span> 
     </span>
     <span class='ocr_line' id='line_1_5' title="bbox 535 661 2798 739; baseline 0 -19"><span class='ocrx_word' id='word_1_31' title='bbox 535 662 641 739; x_wconf 88' lang='lat' dir='ltr'><strong>qui</strong></span> <span class='ocrx_word' id='word_1_32' title='bbox 684 661 1070 721; x_wconf 82' lang='lat' dir='ltr'><strong>Bercharium</strong></span> <span class='ocrx_word' id='word_1_33' title='bbox 1119 662 1398 721; x_wconf 73' lang='lat' dir='ltr'><strong>abbatem</strong></span> <span class='ocrx_word' id='word_1_34' title='bbox 1430 663 1944 724; x_wconf 73' lang='lat' dir='ltr'><strong>Altivillareneem</strong></span> <span class='ocrx_word' id='word_1_35' title='bbox 1976 671 2038 723; x_wconf 89' lang='lat' dir='ltr'><strong>et</strong></span> <span class='ocrx_word' id='word_1_36' title='bbox 2066 665 2433 723; x_wconf 80' lang='lat' dir='ltr'><strong>Derveneem</strong></span> <span class='ocrx_word' id='word_1_37' title='bbox 2479 662 2798 722; x_wconf 70' lang='lat' dir='ltr'><strong>interfecit</strong></span> 
     </span>
     <span class='ocr_line' id='line_1_6' title="bbox 535 749 2792 835; baseline 0.001 -26"><span class='ocrx_word' id='word_1_38' title='bbox 535 752 631 826; x_wconf 88' lang='lat' dir='ltr'><strong>(cf.</strong></span> <span class='ocrx_word' id='word_1_39' title='bbox 665 769 845 829; x_wconf 79' lang='lat' dir='ltr'><strong>supra</strong></span> <span class='ocrx_word' id='word_1_40' title='bbox 876 771 933 828; x_wconf 87' lang='lat' dir='ltr'><strong>p.</strong></span> <span class='ocrx_word' id='word_1_41' title='bbox 973 751 1142 826; x_wconf 80' lang='lat'><strong>102),</strong></span> <span class='ocrx_word' id='word_1_42' title='bbox 1191 751 1331 827; x_wconf 81' lang='lat' dir='ltr'><strong>qnia</strong></span> <span class='ocrx_word' id='word_1_43' title='bbox 1361 752 1462 811; x_wconf 86' lang='lat' dir='ltr'><strong>ille</strong></span> <span class='ocrx_word' id='word_1_44' title='bbox 1493 771 1626 810; x_wconf 89' lang='lat' dir='ltr'><strong>eum</strong></span> <span class='ocrx_word' id='word_1_45' title='bbox 1671 761 1737 812; x_wconf 76' lang='lat' dir='ltr'><strong>ut</strong></span> <span class='ocrx_word' id='word_1_46' title='bbox 1779 750 1999 813; x_wconf 71' lang='lat' dir='ltr'><strong>morie</strong></span> <span class='ocrx_word' id='word_1_47' title='bbox 2042 761 2168 814; x_wconf 76' lang='lat' dir='ltr'><strong>emt</strong></span> <span class='ocrx_word' id='word_1_48' title='bbox 2197 750 2544 835; x_wconf 59' lang='lat' dir='ltr'><strong>feriendum</strong></span> <span class='ocrx_word' id='word_1_49' title='bbox 2587 749 2792 811; x_wconf 70' lang='lat' dir='ltr'><strong>dom-e-</strong></span> 
     </span>
     <span class='ocr_line' id='line_1_7' title="bbox 533 839 2797 921; baseline 0.001 -23"><span class='ocrx_word' id='word_1_50' title='bbox 533 847 695 900; x_wconf 74' lang='lat' dir='ltr'><strong>verat</strong></span> <span class='ocrx_word' id='word_1_51' title='bbox 738 839 872 915; x_wconf 87' lang='lat' dir='ltr'><strong>(vit.</strong></span> <span class='ocrx_word' id='word_1_52' title='bbox 920 839 1134 897; x_wconf 81' lang='lat' dir='ltr'><strong>Berch.</strong></span> <span class='ocrx_word' id='word_1_53' title='bbox 1171 840 1269 911; x_wconf 84' lang='lat'><strong>19,</strong></span> <span class='ocrx_word' id='word_1_54' title='bbox 1315 839 1472 899; x_wconf 84' lang='lat' dir='ltr'><strong>Mab.</strong></span> <span class='ocrx_word' id='word_1_55' title='bbox 1505 839 1592 915; x_wconf 92' lang='lat' dir='ltr'><strong>II,</strong></span> <span class='ocrx_word' id='word_1_56' title='bbox 1638 862 1697 920; x_wconf 88' lang='lat' dir='ltr'><strong>p.</strong></span> <span class='ocrx_word' id='word_1_57' title='bbox 1731 842 1904 919; x_wconf 79' lang='lat'><strong>842),</strong></span> <span class='ocrx_word' id='word_1_58' title='bbox 1952 861 2070 900; x_wconf 83' lang='lat' dir='ltr'><strong>non</strong></span> <span class='ocrx_word' id='word_1_59' title='bbox 2111 846 2238 919; x_wconf 66' lang='lat' dir='ltr'><strong>:iam</strong></span> <span class='ocrx_word' id='word_1_60' title='bbox 2283 861 2535 921; x_wconf 81' lang='lat' dir='ltr'><strong>puerum</strong></span> <span class='ocrx_word' id='word_1_61' title='bbox 2580 841 2797 912; x_wconf 67' lang='lat' dir='ltr'><strong>fuisse,</strong></span> 
     </span>
     <span class='ocr_line' id='line_1_8' title="bbox 535 928 2796 1008; baseline 0 -21"><span class='ocrx_word' id='word_1_62' title='bbox 535 928 638 987; x_wconf 81' lang='lat' dir='ltr'><strong>sed</strong></span> <span class='ocrx_word' id='word_1_63' title='bbox 684 929 900 999; x_wconf 83' lang='lat' dir='ltr'><strong>virum,</strong></span> <span class='ocrx_word' id='word_1_64' title='bbox 962 929 1173 1002; x_wconf 76' lang='lat' dir='ltr'><strong>saltem</strong></span> <span class='ocrx_word' id='word_1_65' title='bbox 1213 932 1508 1003; x_wconf 79' lang='lat' dir='ltr'><strong>juvenem.</strong></span> <span class='ocrx_word' id='word_1_66' title='bbox 1602 931 1777 1004; x_wconf 76' lang='lat' dir='ltr'><strong>Quod</strong></span> <span class='ocrx_word' id='word_1_67' title='bbox 1819 931 1869 990; x_wconf 75' lang='lat' dir='ltr'><strong>si</strong></span> <span class='ocrx_word' id='word_1_68' title='bbox 1919 951 2137 1008; x_wconf 80' lang='lat' dir='ltr'><strong>negare</strong></span> <span class='ocrx_word' id='word_1_69' title='bbox 2183 951 2301 990; x_wconf 82' lang='lat' dir='ltr'><strong>non</strong></span> <span class='ocrx_word' id='word_1_70' title='bbox 2347 931 2515 1002; x_wconf 78' lang='lat' dir='ltr'><strong>lieet,</strong></span> <span class='ocrx_word' id='word_1_71' title='bbox 2577 946 2796 988; x_wconf 68' lang='lat' dir='ltr'><strong>conce-</strong></span> 
     </span>
     <span class='ocr_line' id='line_1_9' title="bbox 534 1016 2795 1095; baseline 0 -19"><span class='ocrx_word' id='word_1_72' title='bbox 534 1017 790 1076; x_wconf 82' lang='lat' dir='ltr'><strong>dendnm</strong></span> <span class='ocrx_word' id='word_1_73' title='bbox 838 1022 928 1075; x_wconf 86' lang='lat' dir='ltr'><strong>est</strong></span> <span class='ocrx_word' id='word_1_74' title='bbox 973 1016 1153 1074; x_wconf 83' lang='lat' dir='ltr'><strong>moris</strong></span> <span class='ocrx_word' id='word_1_75' title='bbox 1198 1017 1379 1077; x_wconf 74' lang='lat' dir='ltr'><strong>fuisse</strong></span> <span class='ocrx_word' id='word_1_76' title='bbox 1430 1019 1496 1076; x_wconf 91' lang='lat' dir='ltr'><strong>in</strong></span> <span class='ocrx_word' id='word_1_77' title='bbox 1550 1020 1924 1079; x_wconf 72' lang='lat' dir='ltr'><strong>monasteriis</strong></span> <span class='ocrx_word' id='word_1_78' title='bbox 1978 1021 2298 1079; x_wconf 72' lang='lat' dir='ltr'><strong>secundum</strong></span> <span class='ocrx_word' id='word_1_79' title='bbox 2352 1020 2621 1095; x_wconf 79' lang='lat' dir='ltr'><strong>regulam</strong></span> <span class='ocrx_word' id='word_1_80' title='bbox 2669 1017 2795 1076; x_wconf 86' lang='lat' dir='ltr'><strong>Co-</strong></span> 
     </span>
     <span class='ocr_line' id='line_1_10' title="bbox 533 1105 2796 1186; baseline 0 -22"><span class='ocrx_word' id='word_1_81' title='bbox 533 1107 769 1164; x_wconf 81' lang='lat' dir='ltr'><strong>lumbae</strong></span> <span class='ocrx_word' id='word_1_82' title='bbox 814 1105 1109 1164; x_wconf 79' lang='lat' dir='ltr'><strong>institutis</strong></span> <span class='ocrx_word' id='word_1_83' title='bbox 1154 1108 1505 1166; x_wconf 74' lang='lat' dir='ltr'><strong>verberibus</strong></span> <span class='ocrx_word' id='word_1_84' title='bbox 1559 1108 1775 1186; x_wconf 87' lang='lat' dir='ltr'><strong>punire</strong></span> <span class='ocrx_word' id='word_1_85' title='bbox 1830 1109 2264 1181; x_wconf 70' lang='lat' dir='ltr'><strong>inobedientes,</strong></span> <span class='ocrx_word' id='word_1_86' title='bbox 2328 1125 2463 1167; x_wconf 76' lang='lat' dir='ltr'><strong>nam</strong></span> <span class='ocrx_word' id='word_1_87' title='bbox 2512 1116 2573 1166; x_wconf 83' lang='lat' dir='ltr'><strong>et</strong></span> <span class='ocrx_word' id='word_1_88' title='bbox 2620 1106 2796 1165; x_wconf 88' lang='lat' dir='ltr'><strong>Alti-</strong></span> 
     </span>
     <span class='ocr_line' id='line_1_11' title="bbox 532 1194 2796 1276; baseline -0.001 -22"><span class='ocrx_word' id='word_1_89' title='bbox 532 1195 852 1254; x_wconf 60' lang='lat' dir='ltr'><strong>‘villarenee</strong></span> <span class='ocrx_word' id='word_1_90' title='bbox 899 1194 996 1269; x_wconf 90' lang='lat' dir='ltr'><strong>(cf.</strong></span> <span class='ocrx_word' id='word_1_91' title='bbox 1042 1194 1327 1254; x_wconf 78' lang='lat' dir='ltr'><strong>Mabillon</strong></span> <span class='ocrx_word' id='word_1_92' title='bbox 1375 1197 1607 1257; x_wconf 72' lang='lat' dir='ltr'><strong>observ.</strong></span> <span class='ocrx_word' id='word_1_93' title='bbox 1653 1217 1854 1275; x_wconf 82' lang='lat' dir='ltr'><strong>praev.</strong></span> <span class='ocrx_word' id='word_1_94' title='bbox 1900 1198 1963 1255; x_wconf 90' lang='lat' dir='ltr'><strong>in</strong></span> <span class='ocrx_word' id='word_1_95' title='bbox 2009 1198 2115 1256; x_wconf 81' lang='lat' dir='ltr'><strong>vit.</strong></span> <span class='ocrx_word' id='word_1_96' title='bbox 2162 1197 2377 1257; x_wconf 85' lang='lat' dir='ltr'><strong>Berch.</strong></span> <span class='ocrx_word' id='word_1_97' title='bbox 2423 1217 2482 1276; x_wconf 88' lang='lat' dir='ltr'><strong>p.</strong></span> <span class='ocrx_word' id='word_1_98' title='bbox 2527 1196 2685 1267; x_wconf 77' lang='lat'><strong>831,</strong></span> <span class='ocrx_word' id='word_1_99' title='bbox 2723 1196 2796 1271; x_wconf 82' lang='lat'><strong>3)</strong></span> 
     </span>
     <span class='ocr_line' id='line_1_12' title="bbox 536 1283 2794 1365; baseline 0 -23"><span class='ocrx_word' id='word_1_100' title='bbox 536 1292 598 1345; x_wconf 83' lang='lat' dir='ltr'><strong>et.</strong></span> <span class='ocrx_word' id='word_1_101' title='bbox 640 1283 949 1342; x_wconf 83' lang='lat' dir='ltr'><strong>Dervense</strong></span> <span class='ocrx_word' id='word_1_102' title='bbox 993 1285 1415 1343; x_wconf 73' lang='lat' dir='ltr'><strong>monasterium</strong></span> <span class='ocrx_word' id='word_1_103' title='bbox 1463 1287 1563 1360; x_wconf 84' lang='lat' dir='ltr'><strong>(cf.</strong></span> <span class='ocrx_word' id='word_1_104' title='bbox 1608 1286 1883 1364; x_wconf 77' lang='lat' dir='ltr'><strong>Loening</strong></span> <span class='ocrx_word' id='word_1_105' title='bbox 1927 1286 2014 1359; x_wconf 90' lang='lat' dir='ltr'><strong>II,</strong></span> <span class='ocrx_word' id='word_1_106' title='bbox 2060 1307 2119 1365; x_wconf 92' lang='lat' dir='ltr'><strong>p.</strong></span> <span class='ocrx_word' id='word_1_107' title='bbox 2154 1287 2281 1344; x_wconf 74' lang='lat'><strong>442</strong></span> <span class='ocrx_word' id='word_1_108' title='bbox 2316 1292 2441 1344; x_wconf 92' lang='lat' dir='ltr'><strong>not.</strong></span> <span class='ocrx_word' id='word_1_109' title='bbox 2475 1285 2541 1361; x_wconf 81' lang='lat'><strong>2)</strong></span> <span class='ocrx_word' id='word_1_110' title='bbox 2587 1302 2794 1343; x_wconf 63' lang='lat' dir='ltr'><strong>aecan-</strong></span> 
     </span>
     <span class='ocr_line' id='line_1_13' title="bbox 535 1367 2516 1452; baseline -0.001 -20"><span class='ocrx_word' id='word_1_111' title='bbox 535 1371 680 1432; x_wconf 78' lang='lat' dir='ltr'><strong>dum</strong></span> <span class='ocrx_word' id='word_1_112' title='bbox 724 1367 989 1452; x_wconf 67' lang='lat' dir='ltr'><strong>reyzdam</strong></span> <span class='ocrx_word' id='word_1_113' title='bbox 1034 1369 1148 1431; x_wconf 82' lang='lat' dir='ltr'><strong>SS.</strong></span> <span class='ocrx_word' id='word_1_114' title='bbox 1196 1369 1507 1434; x_wconf 63' lang='lat' dir='ltr'><strong>Benedicti</strong></span> <span class='ocrx_word' id='word_1_115' title='bbox 1549 1382 1601 1434; x_wconf 80' lang='lat' dir='ltr'><strong>et</strong></span> <span class='ocrx_word' id='word_1_116' title='bbox 1647 1372 1999 1435; x_wconf 75' lang='lat' dir='ltr'><strong>Columbani</strong></span> <span class='ocrx_word' id='word_1_117' title='bbox 2037 1375 2281 1434; x_wconf 82' lang='lat' dir='ltr'><strong>condita</strong></span> <span class='ocrx_word' id='word_1_118' title='bbox 2329 1380 2516 1433; x_wconf 83' lang='lat' dir='ltr'><strong>erant.</strong></span> 
     </span>
    </p>

    <p class='ocr_par' dir='ltr' id='par_1_3' title="bbox 533 1461 2797 2162">
     <span class='ocr_line' id='line_1_14' title="bbox 712 1461 2793 1542; baseline 0 -23"><span class='ocrx_word' id='word_1_119' title='bbox 712 1461 847 1532; x_wconf 78' lang='lat' dir='ltr'><strong>Hie,</strong></span> <span class='ocrx_word' id='word_1_120' title='bbox 896 1479 1049 1537; x_wconf 62' lang='lat' dir='ltr'><strong>quae</strong></span> <span class='ocrx_word' id='word_1_121' title='bbox 1080 1461 1315 1538; x_wconf 77' lang='lat' dir='ltr'><strong>singula</strong></span> <span class='ocrx_word' id='word_1_122' title='bbox 1347 1464 1630 1540; x_wconf 68' lang='lat' dir='ltr'><strong>exemplis</strong></span> <span class='ocrx_word' id='word_1_123' title='bbox 1661 1465 2066 1542; x_wconf 78' lang='lat' dir='ltr'><strong>comprobant,</strong></span> <span class='ocrx_word' id='word_1_124' title='bbox 2097 1464 2328 1523; x_wconf 84' lang='lat' dir='ltr'><strong>accedit</strong></span> <span class='ocrx_word' id='word_1_125' title='bbox 2359 1461 2793 1535; x_wconf 70' lang='lat' dir='ltr'><strong>testimoninm,</strong></span> 
     </span>
     <span class='ocr_line' id='line_1_15' title="bbox 534 1548 2797 1626; baseline 0 -19"><span class='ocrx_word' id='word_1_126' title='bbox 534 1548 696 1626; x_wconf 89' lang='lat' dir='ltr'><strong>quod</strong></span> <span class='ocrx_word' id='word_1_127' title='bbox 742 1555 930 1608; x_wconf 83' lang='lat' dir='ltr'><strong>totam</strong></span> <span class='ocrx_word' id='word_1_128' title='bbox 979 1550 1245 1626; x_wconf 87' lang='lat' dir='ltr'><strong>regulam</strong></span> <span class='ocrx_word' id='word_1_129' title='bbox 1300 1552 1475 1610; x_wconf 77' lang='lat' dir='ltr'><strong>nimis</strong></span> <span class='ocrx_word' id='word_1_130' title='bbox 1525 1571 1794 1612; x_wconf 72' lang='lat' dir='ltr'><strong>severam</strong></span> <span class='ocrx_word' id='word_1_131' title='bbox 1848 1553 2029 1612; x_wconf 68' lang='lat' dir='ltr'><strong>fuisse</strong></span> <span class='ocrx_word' id='word_1_132' title='bbox 2083 1552 2469 1611; x_wconf 78' lang='lat' dir='ltr'><strong>demonstrat.</strong></span> <span class='ocrx_word' id='word_1_133' title='bbox 2560 1552 2797 1610; x_wconf 80' lang='lat' dir='ltr'><strong>Narrat</strong></span> 
     </span>
     <span class='ocr_line' id='line_1_16' title="bbox 537 1637 2795 1717; baseline 0 -21"><span class='ocrx_word' id='word_1_134' title='bbox 537 1639 691 1696; x_wconf 91' lang='lat' dir='ltr'><strong>enim</strong></span> <span class='ocrx_word' id='word_1_135' title='bbox 737 1637 784 1696; x_wconf 86' lang='lat' dir='ltr'><strong>J</strong></span> <span class='ocrx_word' id='word_1_136' title='bbox 787 1657 928 1697; x_wconf 79' lang='lat' dir='ltr'><strong>onae</strong></span> <span class='ocrx_word' id='word_1_137' title='bbox 987 1638 1049 1696; x_wconf 88' lang='lat' dir='ltr'><strong>in</strong></span> <span class='ocrx_word' id='word_1_138' title='bbox 1108 1639 1237 1697; x_wconf 84' lang='lat' dir='ltr'><strong>vita</strong></span> <span class='ocrx_word' id='word_1_139' title='bbox 1297 1639 1574 1712; x_wconf 87' lang='lat' dir='ltr'><strong>Attalae,</strong></span> <span class='ocrx_word' id='word_1_140' title='bbox 1633 1642 1874 1701; x_wconf 81' lang='lat' dir='ltr'><strong>abbatis</strong></span> <span class='ocrx_word' id='word_1_141' title='bbox 1918 1641 2234 1700; x_wconf 78' lang='lat' dir='ltr'><strong>Bobiensis</strong></span> <span class='ocrx_word' id='word_1_142' title='bbox 2281 1643 2353 1717; x_wconf 89' lang='lat' dir='ltr'><strong>(c.</strong></span> <span class='ocrx_word' id='word_1_143' title='bbox 2405 1642 2441 1697; x_wconf 80' lang='lat'>2</span> <span class='ocrx_word' id='word_1_144' title='bbox 2490 1639 2648 1698; x_wconf 69' lang='lat' dir='ltr'><strong>nab.</strong></span> <span class='ocrx_word' id='word_1_145' title='bbox 2698 1638 2795 1711; x_wconf 86' lang='grc' dir='ltr'><strong>ΙΙ,</strong></span> 
     </span>
     <span class='ocr_line' id='line_1_17' title="bbox 538 1727 2793 1804; baseline -0 -18"><span class='ocrx_word' id='word_1_146' title='bbox 538 1746 675 1786; x_wconf 85' lang='lat' dir='ltr'><strong>ann.</strong></span> <span class='ocrx_word' id='word_1_147' title='bbox 708 1727 854 1798; x_wconf 82' lang='lat'><strong>627,</strong></span> <span class='ocrx_word' id='word_1_148' title='bbox 887 1747 944 1803; x_wconf 87' lang='lat' dir='ltr'><strong>p.</strong></span> <span class='ocrx_word' id='word_1_149' title='bbox 985 1727 1134 1804; x_wconf 81' lang='lat'><strong>123)</strong></span> <span class='ocrx_word' id='word_1_150' title='bbox 1178 1730 1492 1788; x_wconf 75' lang='lat' dir='ltr'><strong>nonnullos</strong></span> <span class='ocrx_word' id='word_1_151' title='bbox 1539 1731 1857 1789; x_wconf 76' lang='lat' dir='ltr'><strong>monachos</strong></span> <span class='ocrx_word' id='word_1_152' title='bbox 1904 1729 2231 1790; x_wconf 75' lang='lat' dir='ltr'><strong>Bobieneee</strong></span> <span class='ocrx_word' id='word_1_153' title='bbox 2276 1730 2599 1788; x_wconf 85' lang='lat' dir='ltr'><strong>tumultum</strong></span> <span class='ocrx_word' id='word_1_154' title='bbox 2645 1745 2793 1786; x_wconf 70' lang='lat' dir='ltr'><strong>con-</strong></span> 
     </span>
     <span class='ocr_line' id='line_1_18' title="bbox 536 1814 2796 1900; baseline 0 -24"><span class='ocrx_word' id='word_1_155' title='bbox 536 1815 749 1876; x_wconf 73' lang='lat' dir='ltr'><strong>citasse</strong></span> <span class='ocrx_word' id='word_1_156' title='bbox 794 1815 953 1874; x_wconf 85' lang='lat' dir='ltr'><strong>inter</strong></span> <span class='ocrx_word' id='word_1_157' title='bbox 995 1815 1213 1876; x_wconf 78' lang='lat' dir='ltr'><strong>fratres</strong></span> <span class='ocrx_word' id='word_1_158' title='bbox 1257 1818 1522 1878; x_wconf 82' lang='lat' dir='ltr'><strong>dicentes</strong></span> <span class='ocrx_word' id='word_1_159' title='bbox 1576 1836 1636 1877; x_wconf 69' lang='lat' dir='ltr'><strong>ee</strong></span> <span class='ocrx_word' id='word_1_160' title='bbox 1685 1817 1857 1878; x_wconf 58' lang='lat' dir='ltr'><strong>‚nimii</strong></span> <span class='ocrx_word' id='word_1_161' title='bbox 1890 1817 2150 1900; x_wconf 71' lang='lat' dir='ltr'><strong>fervoris</strong></span> <span class='ocrx_word' id='word_1_162' title='bbox 2189 1816 2585 1878; x_wconf 66' lang='lat' dir='ltr'><strong>austeritatem</strong></span> <span class='ocrx_word' id='word_1_163' title='bbox 2616 1814 2796 1898; x_wconf 69' lang='lat' dir='ltr'><strong>fem-e</strong></span> 
     </span>
     <span class='ocr_line' id='line_1_19' title="bbox 533 1902 2796 1989; baseline -0.001 -25"><span class='ocrx_word' id='word_1_164' title='bbox 533 1921 653 1964; x_wconf 68' lang='lat' dir='ltr'><strong>non</strong></span> <span class='ocrx_word' id='word_1_165' title='bbox 709 1923 888 1983; x_wconf 68' lang='lat' dir='ltr'><strong>posse</strong></span> <span class='ocrx_word' id='word_1_166' title='bbox 946 1912 997 1963; x_wconf 76' lang='lat' dir='ltr'><strong>et</strong></span> <span class='ocrx_word' id='word_1_167' title='bbox 1055 1902 1281 1965; x_wconf 66' lang='lat' dir='ltr'><strong>arduae</strong></span> <span class='ocrx_word' id='word_1_168' title='bbox 1344 1904 1685 1987; x_wconf 54' lang='lat' dir='ltr'><strong>dieczsplime</strong></span> <span class='ocrx_word' id='word_1_169' title='bbox 1744 1907 2016 1989; x_wconf 67' lang='lat' dir='ltr'><strong>pendeo-a</strong></span> <span class='ocrx_word' id='word_1_170' title='bbox 2076 1916 2323 1988; x_wconf 69' lang='lat' dir='ltr'><strong>portare</strong></span> <span class='ocrx_word' id='word_1_171' title='bbox 2387 1925 2506 1966; x_wconf 77' lang='lat' dir='ltr'><strong>non</strong></span> <span class='ocrx_word' id='word_1_172' title='bbox 2579 1902 2796 1965; x_wconf 67' lang='lat' dir='ltr'><strong>valere.</strong></span> 
     </span>
     <span class='ocr_line' id='line_1_20' title="bbox 536 1993 2796 2073; baseline -0.001 -20"><span class='ocrx_word' id='word_1_173' title='bbox 536 1993 748 2053; x_wconf 82' lang='lat' dir='ltr'><strong>Nonne</strong></span> <span class='ocrx_word' id='word_1_174' title='bbox 779 1993 1058 2052; x_wconf 70' lang='lat' dir='ltr'>disertius</span> <span class='ocrx_word' id='word_1_175' title='bbox 1103 1994 1247 2054; x_wconf 84' lang='lat' dir='ltr'><strong>haec</strong></span> <span class='ocrx_word' id='word_1_176' title='bbox 1292 1995 1453 2055; x_wconf 84' lang='lat' dir='ltr'><strong>dicta</strong></span> <span class='ocrx_word' id='word_1_177' title='bbox 1500 2004 1656 2069; x_wconf 81' lang='lat' dir='ltr'><strong>eunt,</strong></span> <span class='ocrx_word' id='word_1_178' title='bbox 1702 2016 1880 2072; x_wconf 88' lang='lat' dir='ltr'><strong>quam</strong></span> <span class='ocrx_word' id='word_1_179' title='bbox 1911 2003 1979 2054; x_wconf 85' lang='lat' dir='ltr'><strong>ut</strong></span> <span class='ocrx_word' id='word_1_180' title='bbox 2008 1997 2208 2056; x_wconf 73' lang='lat' dir='ltr'><strong>verbis</strong></span> <span class='ocrx_word' id='word_1_181' title='bbox 2240 1996 2505 2071; x_wconf 79' lang='lat' dir='ltr'><strong>(Ebrard</strong></span> <span class='ocrx_word' id='word_1_182' title='bbox 2535 2016 2595 2073; x_wconf 87' lang='lat' dir='ltr'><strong>p.</strong></span> <span class='ocrx_word' id='word_1_183' title='bbox 2635 1994 2796 2069; x_wconf 83' lang='lat'>156)</span> 
     </span>
     <span class='ocr_line' id='line_1_21' title="bbox 538 2081 1602 2162; baseline 0.006 -24"><span class='ocrx_word' id='word_1_184' title='bbox 538 2081 847 2140; x_wconf 78' lang='lat' dir='ltr'><strong>diluantur</strong></span> <span class='ocrx_word' id='word_1_185' title='bbox 892 2083 991 2156; x_wconf 88' lang='lat' dir='ltr'><strong>(cf.</strong></span> <span class='ocrx_word' id='word_1_186' title='bbox 1037 2081 1251 2142; x_wconf 81' lang='lat' dir='ltr'><strong>Hertel</strong></span> <span class='ocrx_word' id='word_1_187' title='bbox 1298 2106 1356 2162; x_wconf 89' lang='lat' dir='ltr'><strong>p.</strong></span> <span class='ocrx_word' id='word_1_188' title='bbox 1404 2085 1602 2160; x_wconf 55' lang='lat' dir='ltr'><strong>436st</strong></span> 
     </span>
    </p>

    <p class='ocr_par' dir='ltr' id='par_1_4' title="bbox 534 2169 2804 4025">
     <span class='ocr_line' id='line_1_22' title="bbox 716 2169 2799 2251; baseline 0 -23"><span class='ocrx_word' id='word_1_189' title='bbox 716 2170 1149 2229; x_wconf 75' lang='lat' dir='ltr'><strong>Firmissimnm</strong></span> <span class='ocrx_word' id='word_1_190' title='bbox 1197 2171 1452 2249; x_wconf 86' lang='lat' dir='ltr'><strong>denique</strong></span> <span class='ocrx_word' id='word_1_191' title='bbox 1512 2182 1927 2251; x_wconf 77' lang='lat' dir='ltr'><strong>argumentum</strong></span> <span class='ocrx_word' id='word_1_192' title='bbox 1974 2174 2339 2250; x_wconf 77' lang='lat' dir='ltr'><strong>Loeningiue</strong></span> <span class='ocrx_word' id='word_1_193' title='bbox 2385 2169 2499 2247; x_wconf 88' lang='lat' dir='ltr'><strong>(II,</strong></span> <span class='ocrx_word' id='word_1_194' title='bbox 2539 2194 2598 2250; x_wconf 87' lang='lat' dir='ltr'><strong>p.</strong></span> <span class='ocrx_word' id='word_1_195' title='bbox 2633 2171 2799 2246; x_wconf 76' lang='lat'><strong>433)</strong></span> 
     </span>
     <span class='ocr_line' id='line_1_23' title="bbox 537 2259 2799 2341; baseline 0 -24"><span class='ocrx_word' id='word_1_196' title='bbox 537 2259 793 2338; x_wconf 77' lang='lat' dir='ltr'><strong>protulit</strong></span> <span class='ocrx_word' id='word_1_197' title='bbox 835 2260 1130 2335; x_wconf 83' lang='lat' dir='ltr'><strong>regulam,</strong></span> <span class='ocrx_word' id='word_1_198' title='bbox 1178 2281 1354 2337; x_wconf 76' lang='lat' dir='ltr'><strong>quam</strong></span> <span class='ocrx_word' id='word_1_199' title='bbox 1402 2262 1701 2335; x_wconf 76' lang='lat' dir='ltr'><strong>Donatus,</strong></span> <span class='ocrx_word' id='word_1_200' title='bbox 1759 2263 2070 2341; x_wconf 78' lang='lat' dir='ltr'><strong>episcopus</strong></span> <span class='ocrx_word' id='word_1_201' title='bbox 2116 2261 2636 2332; x_wconf 78' lang='lat' dir='ltr'><strong>Vesontionensis,</strong></span> <span class='ocrx_word' id='word_1_202' title='bbox 2687 2261 2799 2336; x_wconf 66' lang='lat' dir='ltr'><strong>qui</strong></span> 
     </span>
     <span class='ocr_line' id='line_1_24' title="bbox 539 2348 2799 2428; baseline 0 -21"><span class='ocrx_word' id='word_1_203' title='bbox 539 2355 692 2407; x_wconf 66' lang='lat' dir='ltr'><strong>toute</strong></span> <span class='ocrx_word' id='word_1_204' title='bbox 738 2348 899 2407; x_wconf 81' lang='lat' dir='ltr'><strong>Jona</strong></span> <span class='ocrx_word' id='word_1_205' title='bbox 946 2348 1075 2424; x_wconf 84' lang='lat' dir='ltr'><strong>(vit.</strong></span> <span class='ocrx_word' id='word_1_206' title='bbox 1109 2348 1235 2408; x_wconf 69' lang='lat'><strong>(301.</strong></span> <span class='ocrx_word' id='word_1_207' title='bbox 1270 2351 1372 2421; x_wconf 68' lang='lat'><strong>92,</strong></span> <span class='ocrx_word' id='word_1_208' title='bbox 1403 2352 1563 2410; x_wconf 83' lang='lat' dir='ltr'><strong>Mab.</strong></span> <span class='ocrx_word' id='word_1_209' title='bbox 1594 2352 1680 2422; x_wconf 93' lang='lat' dir='ltr'><strong>II,</strong></span> <span class='ocrx_word' id='word_1_210' title='bbox 1727 2372 1785 2428; x_wconf 92' lang='lat' dir='ltr'><strong>p.</strong></span> <span class='ocrx_word' id='word_1_211' title='bbox 1825 2353 1928 2426; x_wconf 89' lang='lat'><strong>14)</strong></span> <span class='ocrx_word' id='word_1_212' title='bbox 1961 2351 2310 2410; x_wconf 79' lang='lat' dir='ltr'><strong>Waldeleno</strong></span> <span class='ocrx_word' id='word_1_213' title='bbox 2358 2350 2494 2409; x_wconf 88' lang='lat' dir='ltr'><strong>duci</strong></span> <span class='ocrx_word' id='word_1_214' title='bbox 2539 2353 2799 2427; x_wconf 69' lang='lat' dir='ltr'><strong>ejusque</strong></span> 
     </span>
     <span class='ocr_line' id='line_1_25' title="bbox 540 2436 2799 2517; baseline 0.002 -24"><span class='ocrx_word' id='word_1_215' title='bbox 540 2436 712 2494; x_wconf 82' lang='lat' dir='ltr'><strong>uxori</strong></span> <span class='ocrx_word' id='word_1_216' title='bbox 769 2436 975 2494; x_wconf 78' lang='lat' dir='ltr'><strong>liberie</strong></span> <span class='ocrx_word' id='word_1_217' title='bbox 1036 2438 1374 2498; x_wconf 78' lang='lat' dir='ltr'><strong>carentibus</strong></span> <span class='ocrx_word' id='word_1_218' title='bbox 1434 2445 1685 2517; x_wconf 81' lang='lat' dir='ltr'><strong>rogante</strong></span> <span class='ocrx_word' id='word_1_219' title='bbox 1731 2440 2021 2499; x_wconf 81' lang='lat' dir='ltr'><strong>Columba</strong></span> <span class='ocrx_word' id='word_1_220' title='bbox 2076 2461 2111 2499; x_wconf 89' lang='lat' dir='ltr'><strong>a</strong></span> <span class='ocrx_word' id='word_1_221' title='bbox 2158 2440 2267 2498; x_wconf 88' lang='lat' dir='ltr'><strong>deo</strong></span> <span class='ocrx_word' id='word_1_222' title='bbox 2324 2447 2455 2498; x_wconf 76' lang='lat' dir='ltr'><strong>erat</strong></span> <span class='ocrx_word' id='word_1_223' title='bbox 2516 2439 2799 2511; x_wconf 72' lang='lat' dir='ltr'><strong>donatus,</strong></span> 
     </span>
     <span class='ocr_line' id='line_1_26' title="bbox 541 2525 2801 2603; baseline 0.001 -20"><span class='ocrx_word' id='word_1_224' title='bbox 541 2525 804 2583; x_wconf 79' lang='lat' dir='ltr'><strong>Juseano</strong></span> <span class='ocrx_word' id='word_1_225' title='bbox 851 2526 1210 2585; x_wconf 80' lang='lat' dir='ltr'><strong>monasterio</strong></span> <span class='ocrx_word' id='word_1_226' title='bbox 1259 2548 1294 2584; x_wconf 87' lang='lat' dir='ltr'><strong>a</strong></span> <span class='ocrx_word' id='word_1_227' title='bbox 1339 2549 1399 2586; x_wconf 81' lang='lat' dir='ltr'><strong>se</strong></span> <span class='ocrx_word' id='word_1_228' title='bbox 1430 2535 1493 2586; x_wconf 90' lang='lat' dir='ltr'><strong>et</strong></span> <span class='ocrx_word' id='word_1_229' title='bbox 1526 2549 1562 2586; x_wconf 88' lang='lat' dir='ltr'><strong>a</strong></span> <span class='ocrx_word' id='word_1_230' title='bbox 1593 2535 1782 2587; x_wconf 86' lang='lat' dir='ltr'><strong>matre</strong></span> <span class='ocrx_word' id='word_1_231' title='bbox 1814 2548 1921 2587; x_wconf 79' lang='lat' dir='ltr'><strong>sna</strong></span> <span class='ocrx_word' id='word_1_232' title='bbox 1957 2529 2195 2588; x_wconf 85' lang='lat' dir='ltr'><strong>condito</strong></span> <span class='ocrx_word' id='word_1_233' title='bbox 2228 2527 2447 2587; x_wconf 80' lang='lat' dir='ltr'><strong>indidit</strong></span> <span class='ocrx_word' id='word_1_234' title='bbox 2480 2527 2801 2603; x_wconf 70' lang='lat' dir='ltr'><strong>(Holeten-</strong></span> 
     </span>
     <span class='ocr_line' id='line_1_27' title="bbox 540 2612 2803 2693; baseline 0.002 -22"><span class='ocrx_word' id='word_1_235' title='bbox 540 2612 799 2672; x_wconf 77' lang='lat' dir='ltr'><strong>Brockie</strong></span> <span class='ocrx_word' id='word_1_236' title='bbox 842 2613 894 2687; x_wconf 93' lang='grc' dir='ltr'><strong>Ι,</strong></span> <span class='ocrx_word' id='word_1_237' title='bbox 939 2635 998 2691; x_wconf 89' lang='lat' dir='ltr'><strong>p.</strong></span> <span class='ocrx_word' id='word_1_238' title='bbox 1042 2614 1214 2690; x_wconf 84' lang='lat'><strong>377).</strong></span> <span class='ocrx_word' id='word_1_239' title='bbox 1238 2616 1262 2653; x_wconf 85' lang='lat'><em>²</em></span> <span class='ocrx_word' id='word_1_240' title='bbox 1352 2617 1503 2692; x_wconf 78' lang='lat' dir='ltr'><strong>Ejus</strong></span> <span class='ocrx_word' id='word_1_241' title='bbox 1539 2617 1706 2675; x_wconf 78' lang='lat' dir='ltr'><strong>enim</strong></span> <span class='ocrx_word' id='word_1_242' title='bbox 1753 2618 2082 2693; x_wconf 74' lang='lat' dir='ltr'><strong>puellarum</strong></span> <span class='ocrx_word' id='word_1_243' title='bbox 2129 2616 2476 2676; x_wconf 76' lang='lat' dir='ltr'><strong>monasterii</strong></span> <span class='ocrx_word' id='word_1_244' title='bbox 2521 2617 2803 2692; x_wconf 76' lang='lat' dir='ltr'><strong>regulam</strong></span> 
     </span>
     <span class='ocr_line' id='line_1_28' title="bbox 541 2702 2803 2781; baseline 0.001 -20"><span class='ocrx_word' id='word_1_245' title='bbox 541 2708 696 2761; x_wconf 75' lang='lat' dir='ltr'><strong>teste</strong></span> <span class='ocrx_word' id='word_1_246' title='bbox 726 2702 1062 2779; x_wconf 84' lang='lat' dir='ltr'><strong>Loeningio</strong></span> <span class='ocrx_word' id='word_1_247' title='bbox 1094 2703 1371 2764; x_wconf 79' lang='lat' dir='ltr'><strong>Donatus</strong></span> <span class='ocrx_word' id='word_1_248' title='bbox 1400 2727 1474 2763; x_wconf 82' lang='lat' dir='ltr'><strong>ex</strong></span> <span class='ocrx_word' id='word_1_249' title='bbox 1507 2705 1789 2778; x_wconf 80' lang='lat' dir='ltr'><strong>Caesarii,</strong></span> <span class='ocrx_word' id='word_1_250' title='bbox 1836 2705 2165 2779; x_wconf 75' lang='lat' dir='ltr'><strong>Benedicti,</strong></span> <span class='ocrx_word' id='word_1_251' title='bbox 2213 2705 2541 2764; x_wconf 76' lang='lat' dir='ltr'><strong>Columbae</strong></span> <span class='ocrx_word' id='word_1_252' title='bbox 2571 2706 2803 2781; x_wconf 77' lang='lat' dir='ltr'><strong>reg-ulie</strong></span> 
     </span>
     <span class='ocr_line' id='line_1_29' title="bbox 542 2789 2800 2872; baseline 0.001 -23"><span class='ocrx_word' id='word_1_253' title='bbox 542 2791 630 2849; x_wconf 86' lang='lat' dir='ltr'><strong>ita</strong></span> <span class='ocrx_word' id='word_1_254' title='bbox 676 2793 1034 2869; x_wconf 65' lang='lat' dir='ltr'><strong>composuit,</strong></span> <span class='ocrx_word' id='word_1_255' title='bbox 1093 2798 1165 2850; x_wconf 85' lang='lat' dir='ltr'><strong>ut</strong></span> <span class='ocrx_word' id='word_1_256' title='bbox 1210 2796 1494 2869; x_wconf 82' lang='lat' dir='ltr'><strong>majorem</strong></span> <span class='ocrx_word' id='word_1_257' title='bbox 1543 2795 1807 2872; x_wconf 81' lang='lat' dir='ltr'><strong>capitum</strong></span> <span class='ocrx_word' id='word_1_258' title='bbox 1852 2801 2081 2871; x_wconf 83' lang='lat' dir='ltr'><strong>partem</strong></span> <span class='ocrx_word' id='word_1_259' title='bbox 2130 2813 2166 2853; x_wconf 96' lang='lat' dir='ltr'><strong>a</strong></span> <span class='ocrx_word' id='word_1_260' title='bbox 2208 2795 2416 2871; x_wconf 77' lang='lat' dir='ltr'><strong>regula</strong></span> <span class='ocrx_word' id='word_1_261' title='bbox 2463 2789 2553 2853; x_wconf 82' lang='lat' dir='ltr'><strong>St.</strong></span> <span class='ocrx_word' id='word_1_262' title='bbox 2600 2793 2800 2852; x_wconf 83' lang='lat' dir='ltr'><strong>Bene·</strong></span> 
     </span>
     <span class='ocr_line' id='line_1_30' title="bbox 543 2880 2803 2959; baseline 0.002 -22"><span class='ocrx_word' id='word_1_263' title='bbox 543 2880 691 2937; x_wconf 86' lang='lat' dir='ltr'><strong>dicti</strong></span> <span class='ocrx_word' id='word_1_264' title='bbox 736 2887 1127 2954; x_wconf 70' lang='lat' dir='ltr'><strong>mutuaretur,</strong></span> <span class='ocrx_word' id='word_1_265' title='bbox 1174 2883 1276 2941; x_wconf 75' lang='lat' dir='ltr'><strong>sed</strong></span> <span class='ocrx_word' id='word_1_266' title='bbox 1324 2883 1505 2941; x_wconf 82' lang='lat' dir='ltr'><strong>etiam</strong></span> <span class='ocrx_word' id='word_1_267' title='bbox 1549 2903 1627 2940; x_wconf 81' lang='lat' dir='ltr'><strong>ex</strong></span> <span class='ocrx_word' id='word_1_268' title='bbox 1658 2882 1982 2942; x_wconf 78' lang='lat' dir='ltr'><strong>Columbae</strong></span> <span class='ocrx_word' id='word_1_269' title='bbox 2027 2884 2233 2959; x_wconf 82' lang='lat' dir='ltr'><strong>regula</strong></span> <span class='ocrx_word' id='word_1_270' title='bbox 2278 2883 2567 2941; x_wconf 76' lang='lat' dir='ltr'><strong>nonnulla</strong></span> <span class='ocrx_word' id='word_1_271' title='bbox 2597 2890 2803 2942; x_wconf 78' lang='lat' dir='ltr'><strong>trane-</strong></span> 
     </span>
     <span class='ocr_line' id='line_1_31' title="bbox 543 2967 2801 3049; baseline 0.002 -22"><span class='ocrx_word' id='word_1_272' title='bbox 543 2967 829 3027; x_wconf 77' lang='lat' dir='ltr'><strong>ecriberet</strong></span> <span class='ocrx_word' id='word_1_273' title='bbox 874 2970 1094 3047; x_wconf 87' lang='lat' dir='ltr'><strong>partim</strong></span> <span class='ocrx_word' id='word_1_274' title='bbox 1141 2971 1217 3029; x_wconf 88' lang='lat' dir='ltr'><strong>ad</strong></span> <span class='ocrx_word' id='word_1_275' title='bbox 1263 2972 1512 3031; x_wconf 77' lang='lat' dir='ltr'><strong>verbum</strong></span> <span class='ocrx_word' id='word_1_276' title='bbox 1555 2979 1792 3048; x_wconf 84' lang='lat' dir='ltr'><strong>partem</strong></span> <span class='ocrx_word' id='word_1_277' title='bbox 1838 2978 2068 3030; x_wconf 78' lang='lat' dir='ltr'><strong>mutata</strong></span> <span class='ocrx_word' id='word_1_278' title='bbox 2120 2991 2230 3049; x_wconf 89' lang='lat' dir='ltr'><strong>pro</strong></span> <span class='ocrx_word' id='word_1_279' title='bbox 2289 2971 2624 3049; x_wconf 75' lang='lat' dir='ltr'><strong>puellarum</strong></span> <span class='ocrx_word' id='word_1_280' title='bbox 2674 2991 2801 3031; x_wconf 83' lang='lat' dir='ltr'><strong>mo·</strong></span> 
     </span>
     <span class='ocr_line' id='line_1_32' title="bbox 543 3057 2803 3138; baseline 0.003 -24"><span class='ocrx_word' id='word_1_281' title='bbox 543 3057 791 3118; x_wconf 72' lang='lat' dir='ltr'><strong>nasterii</strong></span> <span class='ocrx_word' id='word_1_282' title='bbox 858 3077 986 3117; x_wconf 77' lang='lat' dir='ltr'><strong>usu.</strong></span> <span class='ocrx_word' id='word_1_283' title='bbox 1101 3058 1176 3117; x_wconf 85' lang='lat' dir='ltr'><strong>Id</strong></span> <span class='ocrx_word' id='word_1_284' title='bbox 1247 3079 1391 3118; x_wconf 87' lang='lat' dir='ltr'><strong>vero</strong></span> <span class='ocrx_word' id='word_1_285' title='bbox 1459 3060 1681 3137; x_wconf 74' lang='lat' dir='ltr'><strong>ipsum,</strong></span> <span class='ocrx_word' id='word_1_286' title='bbox 1767 3060 1926 3137; x_wconf 88' lang='lat' dir='ltr'><strong>quod</strong></span> <span class='ocrx_word' id='word_1_287' title='bbox 1999 3061 2305 3138; x_wconf 82' lang='lat' dir='ltr'><strong>proprium</strong></span> <span class='ocrx_word' id='word_1_288' title='bbox 2381 3066 2474 3118; x_wconf 78' lang='lat' dir='ltr'><strong>eet</strong></span> <span class='ocrx_word' id='word_1_289' title='bbox 2549 3061 2803 3137; x_wconf 77' lang='lat' dir='ltr'><strong>regulae</strong></span> 
     </span>
     <span class='ocr_line' id='line_1_33' title="bbox 544 3143 2801 3226; baseline 0.001 -21"><span class='ocrx_word' id='word_1_290' title='bbox 544 3143 896 3220; x_wconf 82' lang='lat' dir='ltr'><strong>Columbae,</strong></span> <span class='ocrx_word' id='word_1_291' title='bbox 966 3147 1265 3207; x_wconf 86' lang='lat' dir='ltr'><strong>crebriora</strong></span> <span class='ocrx_word' id='word_1_292' title='bbox 1326 3148 1429 3207; x_wconf 88' lang='lat' dir='ltr'><strong>illa</strong></span> <span class='ocrx_word' id='word_1_293' title='bbox 1472 3149 1725 3207; x_wconf 76' lang='lat' dir='ltr'><strong>verbera</strong></span> <span class='ocrx_word' id='word_1_294' title='bbox 1770 3150 1833 3206; x_wconf 84' lang='lat' dir='ltr'><strong>in</strong></span> <span class='ocrx_word' id='word_1_295' title='bbox 1878 3167 2098 3226; x_wconf 78' lang='lat' dir='ltr'><strong>poenae</strong></span> <span class='ocrx_word' id='word_1_296' title='bbox 2157 3149 2486 3226; x_wconf 80' lang='lat' dir='ltr'><strong>insumpta,</strong></span> <span class='ocrx_word' id='word_1_297' title='bbox 2547 3148 2801 3208; x_wconf 85' lang='lat' dir='ltr'><strong>minime</strong></span> 
     </span>
     <span class='ocr_line' id='line_1_34' title="bbox 534 3233 2802 3314; baseline 0.002 -21"><span class='ocrx_word' id='word_1_298' title='bbox 534 3233 759 3296; x_wconf 67' lang='lat' dir='ltr'><strong>omissa</strong></span> <span class='ocrx_word' id='word_1_299' title='bbox 804 3241 942 3295; x_wconf 81' lang='lat' dir='ltr'><strong>sunt</strong></span> <span class='ocrx_word' id='word_1_300' title='bbox 987 3258 1019 3295; x_wconf 84' lang='lat' dir='ltr'><strong>a</strong></span> <span class='ocrx_word' id='word_1_301' title='bbox 1053 3236 1314 3299; x_wconf 80' lang='lat' dir='ltr'><strong>Donato,</strong></span> <span class='ocrx_word' id='word_1_302' title='bbox 1388 3238 1557 3310; x_wconf 76' lang='lat' dir='ltr'><strong>Quae</strong></span> <span class='ocrx_word' id='word_1_303' title='bbox 1603 3257 1735 3295; x_wconf 87' lang='lat' dir='ltr'><strong>cum</strong></span> <span class='ocrx_word' id='word_1_304' title='bbox 1780 3238 1870 3297; x_wconf 79' lang='lat' dir='ltr'><strong>ita</strong></span> <span class='ocrx_word' id='word_1_305' title='bbox 1917 3238 2053 3310; x_wconf 85' lang='lat' dir='ltr'><strong>eint,</strong></span> <span class='ocrx_word' id='word_1_306' title='bbox 2101 3236 2366 3296; x_wconf 78' lang='lat' dir='ltr'><strong>dubitari</strong></span> <span class='ocrx_word' id='word_1_307' title='bbox 2409 3253 2531 3296; x_wconf 82' lang='lat' dir='ltr'><strong>nnn</strong></span> <span class='ocrx_word' id='word_1_308' title='bbox 2577 3242 2802 3314; x_wconf 68' lang='lat' dir='ltr'><strong>potest,</strong></span> 
     </span>
     <span class='ocr_line' id='line_1_35' title="bbox 544 3324 2802 3401; baseline 0.002 -21"><span class='ocrx_word' id='word_1_309' title='bbox 544 3324 691 3400; x_wconf 87' lang='lat' dir='ltr'><strong>quin</strong></span> <span class='ocrx_word' id='word_1_310' title='bbox 752 3325 994 3401; x_wconf 81' lang='lat' dir='ltr'><strong>regulae</strong></span> <span class='ocrx_word' id='word_1_311' title='bbox 1054 3325 1214 3384; x_wconf 77' lang='lat' dir='ltr'><strong>illius</strong></span> <span class='ocrx_word' id='word_1_312' title='bbox 1275 3325 1640 3385; x_wconf 73' lang='lat' dir='ltr'><strong>coenobialis·</strong></span> <span class='ocrx_word' id='word_1_313' title='bbox 1692 3332 1901 3385; x_wconf 73' lang='lat' dir='ltr'><strong>auctor</strong></span> <span class='ocrx_word' id='word_1_314' title='bbox 1957 3325 2252 3385; x_wconf 78' lang='lat' dir='ltr'><strong>Columba</strong></span> <span class='ocrx_word' id='word_1_315' title='bbox 2313 3326 2514 3384; x_wconf 74' lang='lat' dir='ltr'><strong>fuerit.</strong></span> <span class='ocrx_word' id='word_1_316' title='bbox 2626 3325 2802 3399; x_wconf 77' lang='lat' dir='ltr'><strong>Quae</strong></span> 
     </span>
     <span class='ocr_line' id='line_1_36' title="bbox 544 3412 2802 3491; baseline 0.002 -22"><span class='ocrx_word' id='word_1_317' title='bbox 544 3418 748 3470; x_wconf 79' lang='lat' dir='ltr'><strong>utrum</strong></span> <span class='ocrx_word' id='word_1_318' title='bbox 796 3412 954 3490; x_wconf 87' lang='lat' dir='ltr'><strong>apud</strong></span> <span class='ocrx_word' id='word_1_319' title='bbox 1000 3412 1381 3472; x_wconf 81' lang='lat' dir='ltr'><strong>Holstenium</strong></span> <span class='ocrx_word' id='word_1_320' title='bbox 1427 3415 1990 3491; x_wconf 70' lang='lat' dir='ltr'><strong>interpolationibus</strong></span> <span class='ocrx_word' id='word_1_321' title='bbox 2044 3422 2220 3474; x_wconf 84' lang='lat' dir='ltr'><strong>aucta</strong></span> <span class='ocrx_word' id='word_1_322' title='bbox 2277 3434 2352 3472; x_wconf 89' lang='lat' dir='ltr'><strong>an</strong></span> <span class='ocrx_word' id='word_1_323' title='bbox 2407 3414 2470 3474; x_wconf 87' lang='lat' dir='ltr'><strong>in</strong></span> <span class='ocrx_word' id='word_1_324' title='bbox 2517 3414 2654 3472; x_wconf 80' lang='lat' dir='ltr'><strong>aliis</strong></span> <span class='ocrx_word' id='word_1_325' title='bbox 2701 3434 2802 3473; x_wconf 84' lang='lat' dir='ltr'><strong>co-</strong></span> 
     </span>
     <span class='ocr_line' id='line_1_37' title="bbox 546 3500 2804 3579; baseline 0.002 -21"><span class='ocrx_word' id='word_1_326' title='bbox 546 3500 778 3559; x_wconf 79' lang='lat' dir='ltr'><strong>dicibus</strong></span> <span class='ocrx_word' id='word_1_327' title='bbox 824 3501 1105 3560; x_wconf 80' lang='lat' dir='ltr'><strong>mutilata</strong></span> <span class='ocrx_word' id='word_1_328' title='bbox 1150 3502 1255 3576; x_wconf 79' lang='lat' dir='ltr'><strong>eit,</strong></span> <span class='ocrx_word' id='word_1_329' title='bbox 1317 3501 1647 3579; x_wconf 80' lang='lat' dir='ltr'><strong>dijudicare</strong></span> <span class='ocrx_word' id='word_1_330' title='bbox 1692 3509 1900 3562; x_wconf 78' lang='lat' dir='ltr'><strong>nostra</strong></span> <span class='ocrx_word' id='word_1_331' title='bbox 1945 3523 2063 3562; x_wconf 88' lang='lat' dir='ltr'><strong>non</strong></span> <span class='ocrx_word' id='word_1_332' title='bbox 2110 3503 2375 3562; x_wconf 72' lang='lat' dir='ltr'><strong>interest.</strong></span> <span class='ocrx_word' id='word_1_333' title='bbox 2467 3500 2622 3563; x_wconf 82' lang='lat' dir='ltr'><strong>Nam</strong></span> <span class='ocrx_word' id='word_1_334' title='bbox 2675 3502 2804 3562; x_wconf 70' lang='lat' dir='ltr'><strong>sive</strong></span> 
     </span>
     <span class='ocr_line' id='line_1_38' title="bbox 545 3590 2801 3667; baseline 0.001 -20"><span class='ocrx_word' id='word_1_335' title='bbox 545 3590 656 3649; x_wconf 89' lang='lat' dir='ltr'><strong>hoc</strong></span> <span class='ocrx_word' id='word_1_336' title='bbox 702 3590 843 3663; x_wconf 83' lang='lat' dir='ltr'><strong>sive,</strong></span> <span class='ocrx_word' id='word_1_337' title='bbox 891 3590 1048 3666; x_wconf 88' lang='lat' dir='ltr'><strong>quod</strong></span> <span class='ocrx_word' id='word_1_338' title='bbox 1097 3591 1370 3667; x_wconf 87' lang='lat' dir='ltr'><strong>equidem</strong></span> <span class='ocrx_word' id='word_1_339' title='bbox 1416 3592 1644 3663; x_wconf 89' lang='lat' dir='ltr'><strong>malim,</strong></span> <span class='ocrx_word' id='word_1_340' title='bbox 1691 3591 1840 3650; x_wconf 86' lang='lat' dir='ltr'><strong>illud</strong></span> <span class='ocrx_word' id='word_1_341' title='bbox 1885 3592 2240 3662; x_wconf 86' lang='lat' dir='ltr'><strong>affirmatur,</strong></span> <span class='ocrx_word' id='word_1_342' title='bbox 2280 3594 2512 3666; x_wconf 78' lang='lat' dir='ltr'><strong>justum</strong></span> <span class='ocrx_word' id='word_1_343' title='bbox 2560 3591 2635 3649; x_wconf 84' lang='lat' dir='ltr'><strong>de</strong></span> <span class='ocrx_word' id='word_1_344' title='bbox 2684 3590 2801 3649; x_wconf 86' lang='lat' dir='ltr'><strong>Oo-</strong></span> 
     </span>
     <span class='ocr_line' id='line_1_39' title="bbox 545 3679 2804 3759; baseline 0.002 -24"><span class='ocrx_word' id='word_1_345' title='bbox 545 3679 782 3737; x_wconf 85' lang='lat' dir='ltr'><strong>lumbae</strong></span> <span class='ocrx_word' id='word_1_346' title='bbox 841 3680 1048 3755; x_wconf 86' lang='lat' dir='ltr'><strong>regula</strong></span> <span class='ocrx_word' id='word_1_347' title='bbox 1104 3683 1348 3759; x_wconf 84' lang='lat' dir='ltr'><strong>ejusque</strong></span> <span class='ocrx_word' id='word_1_348' title='bbox 1409 3687 1625 3738; x_wconf 85' lang='lat' dir='ltr'><strong>natura</strong></span> <span class='ocrx_word' id='word_1_349' title='bbox 1688 3687 1869 3757; x_wconf 84' lang='lat' dir='ltr'><strong>atque</strong></span> <span class='ocrx_word' id='word_1_350' title='bbox 1927 3680 2123 3739; x_wconf 89' lang='lat' dir='ltr'><strong>indole</strong></span> <span class='ocrx_word' id='word_1_351' title='bbox 2179 3679 2469 3756; x_wconf 86' lang='lat' dir='ltr'><strong>judicium</strong></span> <span class='ocrx_word' id='word_1_352' title='bbox 2525 3681 2804 3740; x_wconf 85' lang='lat' dir='ltr'><strong>fecerunt</strong></span> 
     </span>
     <span class='ocr_line' id='line_1_40' title="bbox 545 3764 2803 3847; baseline 0.002 -23"><span class='ocrx_word' id='word_1_353' title='bbox 545 3764 940 3845; x_wconf 82' lang='lat' dir='ltr'><strong>Rettbergius</strong></span> <span class='ocrx_word' id='word_1_354' title='bbox 971 3767 1082 3844; x_wconf 93' lang='lat' dir='ltr'><strong>(II,</strong></span> <span class='ocrx_word' id='word_1_355' title='bbox 1114 3790 1172 3846; x_wconf 91' lang='lat' dir='ltr'><strong>p.</strong></span> <span class='ocrx_word' id='word_1_356' title='bbox 1208 3769 1334 3828; x_wconf 84' lang='lat'><strong>680</strong></span> <span class='ocrx_word' id='word_1_357' title='bbox 1366 3771 1541 3845; x_wconf 54' lang='lat' dir='ltr'><strong>sqq),</strong></span> <span class='ocrx_word' id='word_1_358' title='bbox 1581 3768 1892 3827; x_wconf 81' lang='lat' dir='ltr'><strong>Herteliue</strong></span> <span class='ocrx_word' id='word_1_359' title='bbox 1924 3770 2006 3846; x_wconf 89' lang='lat' dir='ltr'><strong>(p.</strong></span> <span class='ocrx_word' id='word_1_360' title='bbox 2040 3769 2167 3826; x_wconf 88' lang='grc'><strong>449</strong></span> <span class='ocrx_word' id='word_1_361' title='bbox 2202 3771 2375 3847; x_wconf 82' lang='lat' dir='ltr'><strong>sqq.),</strong></span> <span class='ocrx_word' id='word_1_362' title='bbox 2421 3767 2803 3846; x_wconf 76' lang='lat' dir='ltr'><strong>Loeningius</strong></span> 
     </span>
     <span class='ocr_line' id='line_1_41' title="bbox 548 3853 2804 3934; baseline 0.002 -20"><span class='ocrx_word' id='word_1_363' title='bbox 548 3853 662 3932; x_wconf 88' lang='grc' dir='ltr'>(ΙΙ,</span> <span class='ocrx_word' id='word_1_364' title='bbox 708 3875 765 3932; x_wconf 94' lang='lat' dir='ltr'><strong>p.</strong></span> <span class='ocrx_word' id='word_1_365' title='bbox 816 3856 945 3916; x_wconf 84' lang='lat'><strong>434</strong></span> <span class='ocrx_word' id='word_1_366' title='bbox 991 3861 1122 3934; x_wconf 51' lang='grc' dir='ltr'><strong>ΒΨ),</strong></span> <span class='ocrx_word' id='word_1_367' title='bbox 1176 3858 1256 3918; x_wconf 86' lang='lat' dir='ltr'><strong>ad</strong></span> <span class='ocrx_word' id='word_1_368' title='bbox 1302 3877 1449 3933; x_wconf 83' lang='lat' dir='ltr'><strong>quos</strong></span> <span class='ocrx_word' id='word_1_369' title='bbox 1494 3857 1680 3915; x_wconf 78' lang='lat' dir='ltr'><strong>libros</strong></span> <span class='ocrx_word' id='word_1_370' title='bbox 1726 3857 2001 3933; x_wconf 81' lang='lat' dir='ltr'><strong>delegare</strong></span> <span class='ocrx_word' id='word_1_371' title='bbox 2046 3857 2192 3915; x_wconf 90' lang='lat' dir='ltr'><strong>mihi</strong></span> <span class='ocrx_word' id='word_1_372' title='bbox 2237 3857 2415 3917; x_wconf 82' lang='lat' dir='ltr'><strong>liceat</strong></span> <span class='ocrx_word' id='word_1_373' title='bbox 2460 3858 2804 3918; x_wconf 72' lang='lat' dir='ltr'><strong>accuratius</strong></span> 
     </span>
     <span class='ocr_line' id='line_1_42' title="bbox 550 3945 2618 4025; baseline 0 -22"><span class='ocrx_word' id='word_1_374' title='bbox 550 3949 949 4022; x_wconf 83' lang='lat' dir='ltr'><strong>quaerentem,</strong></span> <span class='ocrx_word' id='word_1_375' title='bbox 995 3953 1066 4005; x_wconf 90' lang='lat' dir='ltr'><strong>ut</strong></span> <span class='ocrx_word' id='word_1_376' title='bbox 1108 3947 1223 4024; x_wconf 77' lang='lat' dir='ltr'><strong>ipsi</strong></span> <span class='ocrx_word' id='word_1_377' title='bbox 1268 3965 1521 4025; x_wconf 82' lang='lat' dir='ltr'><strong>pergere</strong></span> <span class='ocrx_word' id='word_1_378' title='bbox 1567 3945 1859 4023; x_wconf 75' lang='lat' dir='ltr'><strong>possimus</strong></span> <span class='ocrx_word' id='word_1_379' title='bbox 1905 3946 1983 4004; x_wconf 83' lang='lat' dir='ltr'><strong>ad</strong></span> <span class='ocrx_word' id='word_1_380' title='bbox 2028 3965 2122 4018; x_wconf 82' lang='lat' dir='ltr'><strong>ea,</strong></span> <span class='ocrx_word' id='word_1_381' title='bbox 2172 3964 2321 4022; x_wconf 85' lang='lat' dir='ltr'><strong>quae</strong></span> <span class='ocrx_word' id='word_1_382' title='bbox 2366 3951 2618 4005; x_wconf 78' lang='lat' dir='ltr'><strong>restant.</strong></span> 
     </span>
    </p>
   </div>
   <div class='ocr_carea' id='block_1_3' title="bbox 548 4061 717 4070">
    <p class='ocr_par' dir='ltr' id='par_1_5' title="bbox 548 4061 717 4070">
     <span class='ocr_line' id='line_1_43' title="bbox 548 4061 717 4070; baseline 0 839"><span class='ocrx_word' id='word_1_383' title='bbox 548 4061 717 4070; x_wconf 95' lang='lat' dir='ltr'><strong> </strong></span> 
     </span>
    </p>
   </div>
   <div class='ocr_carea' id='block_1_4' title="bbox 720 4061 975 4067">
    <p class='ocr_par' dir='ltr' id='par_1_6' title="bbox 720 4061 975 4067">
     <span class='ocr_line' id='line_1_44' title="bbox 720 4061 975 4067; baseline 0 0"><span class='ocrx_word' id='word_1_384' title='bbox 720 4061 975 4067; x_wconf 95' lang='lat' dir='ltr'><strong> </strong></span> 
     </span>
    </p>
   </div>
   <div class='ocr_carea' id='block_1_5' title="bbox 548 4098 2804 4309">
    <p class='ocr_par' dir='ltr' id='par_1_7' title="bbox 548 4098 2804 4309">
     <span class='ocr_line' id='line_1_45' title="bbox 732 4098 2804 4170; baseline 0 -16"><span class='ocrx_word' id='word_1_385' title='bbox 732 4102 752 4133; x_wconf 90' lang='lat'><strong>¹</strong></span> <span class='ocrx_word' id='word_1_386' title='bbox 790 4099 869 4154; x_wconf 85' lang='lat' dir='ltr'><strong>Et</strong></span> <span class='ocrx_word' id='word_1_387' title='bbox 917 4100 979 4154; x_wconf 88' lang='lat' dir='ltr'><strong>in</strong></span> <span class='ocrx_word' id='word_1_388' title='bbox 1028 4100 1398 4154; x_wconf 74' lang='lat' dir='ltr'><strong>describendo</strong></span> <span class='ocrx_word' id='word_1_389' title='bbox 1448 4099 1584 4153; x_wconf 88' lang='lat' dir='ltr'><strong>libri</strong></span> <span class='ocrx_word' id='word_1_390' title='bbox 1632 4098 1759 4152; x_wconf 88' lang='lat' dir='ltr'><strong>loco</strong></span> <span class='ocrx_word' id='word_1_391' title='bbox 1810 4103 1868 4153; x_wconf 91' lang='lat' dir='ltr'><strong>et</strong></span> <span class='ocrx_word' id='word_1_392' title='bbox 1911 4099 1970 4152; x_wconf 89' lang='lat' dir='ltr'><strong>in</strong></span> <span class='ocrx_word' id='word_1_393' title='bbox 2023 4100 2149 4168; x_wconf 74' lang='lat' dir='ltr'><strong>ipsa</strong></span> <span class='ocrx_word' id='word_1_394' title='bbox 2192 4114 2254 4151; x_wconf 85' lang='lat' dir='ltr'><strong>re</strong></span> <span class='ocrx_word' id='word_1_395' title='bbox 2301 4098 2620 4170; x_wconf 82' lang='lat' dir='ltr'><strong>Loeningio</strong></span> <span class='ocrx_word' id='word_1_396' title='bbox 2669 4118 2804 4154; x_wconf 88' lang='lat' dir='ltr'><strong>con·</strong></span> 
     </span>
     <span class='ocr_line' id='line_1_46' title="bbox 548 4169 2804 4309; baseline 0 -84"><span class='ocrx_word' id='word_1_397' title='bbox 548 4172 727 4225; x_wconf 84' lang='lat' dir='ltr'><strong>fidere</strong></span> <span class='ocrx_word' id='word_1_398' title='bbox 766 4175 994 4225; x_wconf 86' lang='lat' dir='ltr'><strong>coactus</strong></span> <span class='ocrx_word' id='word_1_399' title='bbox 1032 4187 1180 4236; x_wconf 80' lang='lat' dir='ltr'><strong>sum,</strong></span> <span class='ocrx_word' id='word_1_400' title='bbox 1226 4172 1370 4309; x_wconf 56' lang='lat' dir='ltr'><strong>ffliia</strong></span> <span class='ocrx_word' id='word_1_401' title='bbox 1416 4169 1768 4223; x_wconf 81' lang='lat' dir='ltr'><strong>bibliotheca</strong></span> <span class='ocrx_word' id='word_1_402' title='bbox 1817 4174 2013 4223; x_wconf 77' lang='lat' dir='ltr'><strong>nostra</strong></span> <span class='ocrx_word' id='word_1_403' title='bbox 2052 4169 2361 4239; x_wconf 76' lang='lat' dir='ltr'><strong>Lipsiensis</strong></span> <span class='ocrx_word' id='word_1_404' title='bbox 2401 4170 2580 4222; x_wconf 85' lang='lat' dir='ltr'><strong>solam</strong></span> <span class='ocrx_word' id='word_1_405' title='bbox 2622 4170 2804 4238; x_wconf 81' lang='lat' dir='ltr'><strong>ipsius</strong></span> 
     </span>
    </p>
   </div>
   <div class='ocr_carea' id='block_1_6' title="bbox 550 4239 2805 4382">
    <p class='ocr_par' dir='ltr' id='par_1_8' title="bbox 550 4239 2805 4382">
     <span class='ocr_line' id='line_1_47' title="bbox 550 4239 2805 4309; baseline -0.001 -12"><span class='ocrx_word' id='word_1_406' title='bbox 550 4242 840 4297; x_wconf 82' lang='lat' dir='ltr'><strong>Holstenii</strong></span> <span class='ocrx_word' id='word_1_407' title='bbox 879 4242 1187 4296; x_wconf 88' lang='lat' dir='ltr'><strong>editionem</strong></span> <span class='ocrx_word' id='word_1_408' title='bbox 1311 4258 1487 4295; x_wconf 86' lang='lat' dir='ltr'><strong>omae.</strong></span> <span class='ocrx_word' id='word_1_409' title='bbox 1530 4240 1694 4308; x_wconf 83' lang='lat'>1661)</span> <span class='ocrx_word' id='word_1_410' title='bbox 1722 4240 1990 4309; x_wconf 76' lang='lat' dir='ltr'><strong>possidet,</strong></span> <span class='ocrx_word' id='word_1_411' title='bbox 2031 4257 2143 4295; x_wconf 88' lang='lat' dir='ltr'><strong>non</strong></span> <span class='ocrx_word' id='word_1_412' title='bbox 2170 4239 2328 4293; x_wconf 89' lang='lat' dir='ltr'><strong>illam</strong></span> <span class='ocrx_word' id='word_1_413' title='bbox 2353 4255 2457 4307; x_wconf 90' lang='lat' dir='ltr'><strong>per</strong></span> <span class='ocrx_word' id='word_1_414' title='bbox 2484 4240 2805 4295; x_wconf 85' lang='lat' dir='ltr'><strong>Brockium</strong></span> 
     </span>
     <span class='ocr_line' id='line_1_48' title="bbox 550 4312 1315 4382; baseline -0.003 -15"><span class='ocrx_word' id='word_1_415' title='bbox 550 4318 774 4368; x_wconf 85' lang='lat' dir='ltr'><strong>auctam</strong></span> <span class='ocrx_word' id='word_1_416' title='bbox 814 4312 1090 4382; x_wconf 85' lang='lat' dir='ltr'><strong>(vindob.</strong></span> <span class='ocrx_word' id='word_1_417' title='bbox 1137 4312 1315 4381; x_wconf 82' lang='lat'><strong>1759).</strong></span> 
     </span>
    </p>
   </div>
  </div>
 </body>
</html>
