3025 4909
1438 144 1868 201 ...62-

542 331 770 385 certum
817 330 923 396 est,
971 323 1022 382 si
1068 322 1170 399 qui
1215 324 1437 384 fuerint
1470 324 1667 382 clerici
1698 322 2097 382 monachicam
2131 322 2316 381 vitam
2351 342 2469 380 non
2502 307 2817 400 amplexi,

543 416 817 493 exiguum
863 414 1044 472 fuisse
1090 434 1399 471 numerum
1449 434 1667 472 eorum.

722 504 878 563 Nam
923 502 1132 561 relicta
1177 502 1240 560 in
1271 502 1463 561 medio
1496 502 1599 562 illa
1632 503 1978 580 quaestione
2024 522 2132 579 pro
2167 507 2329 560 certo
2363 501 2813 558 affirmandum

543 600 635 652 est
679 593 743 651 in
791 593 1040 669 singulis
1087 592 1383 670 parochiis
1429 592 1560 671 ipsa
1606 592 1964 651 monasteria
2008 593 2121 664 ita,
2168 612 2242 649 ne
2288 592 2480 649 dicam
2525 611 2811 662 omnem,

545 688 704 741 certe
751 684 873 741 fere
919 702 1149 740 omnem
1196 682 1526 741 animarum
1583 702 1781 740 curam
1838 681 2087 758 gessisse
2142 679 2365 757 (Skene
2410 678 2510 752 II,
2558 701 2616 758 p.
2677 682 2809 756 72)

543 778 612 831 ut
657 772 929 831 monachi
974 772 1068 830 vel
1114 771 1362 829 abbates
1392 772 1730 849 presbyteri
1754 772 2040 849 parvulos
2080 769 2460 847 baptizarent
2492 769 2806 844 (Adamn.

544 861 648 920 vit.
697 860 825 919 Col.
876 861 932 932 2,
981 861 1061 917 47
1112 881 1169 938 p.
1222 861 1375 934 215;
1426 862 1492 933 2,
1545 861 1655 934 63,
1701 882 1760 939 p.
1811 861 1964 937 220)
2027 860 2326 937 improbos
2390 859 2808 934 objurgantes

546 950 911 1027 corrigerent
958 950 1063 1025 (ib.
1112 950 1167 1026 1,
1204 951 1303 1021 40,
1350 971 1408 1028 p.
1443 951 1597 1024 212)
1643 949 1832 1026 iisque
1877 948 2282 1026 poenitentiae
2328 968 2639 1006 mensuras
2689 948 2805 1004 de-

545 1040 786 1098 finirent
848 1040 952 1113 (ib.
1006 1039 1060 1110 l,
1115 1039 1211 1109 17,
1256 1060 1314 1116 p.
1365 1039 1539 1115 204),
1602 1038 2017 1098 eucharistiam
2079 1039 2139 1095 in
2198 1038 2470 1116 proxima
2532 1037 2807 1095 eeclesia

545 1128 958 1187 celebrandam
1006 1135 1298 1201 curarent,
1345 1129 1490 1206 ipsis
1539 1129 1776 1204 synodis
1824 1128 2097 1187 adessent
2129 1129 2233 1203 (ib.
2271 1129 2326 1200 3,
2361 1127 2464 1199 85,
2511 1148 2569 1204 p.
2609 1127 2802 1201 228),

545 1217 797 1295 denique
866 1218 1314 1295 quibuscunque
1390 1218 1672 1277 laicorum
1747 1217 2066 1276 aerumniis
2138 1223 2424 1292 quantum
2498 1221 2801 1292 poterant

550 1327 746 1367 curam
796 1308 1147 1366 adhiberent
1193 1308 1295 1383 (ib.
1345 1328 1392 1364 e.
1441 1327 1497 1383 g.
1548 1309 1605 1380 2,
1657 1308 1756 1379 74,
1803 1327 1859 1384 p.
1911 1307 2082 1383 224).

725 1395 845 1456 Sed
890 1396 1063 1469 absit,
1110 1402 1180 1455 ut
1223 1401 1394 1474 putes
1441 1396 1527 1454 ita
1558 1397 1884 1474 descriptas
1915 1396 2094 1454 fuisse
2126 1396 2259 1453 illas
2289 1395 2795 1454 monasteriorum

547 1486 884 1564 parochias,
952 1492 1021 1543 ut
1086 1486 1306 1544 nemini
1374 1486 1580 1544 liceret
1646 1486 1708 1544 in
1772 1485 2016 1544 alterius
2085 1484 2430 1543 monasterii
2498 1484 2796 1562 parochia

547 1574 892 1635 ministeriis
939 1574 1350 1633 ecclesiasticis
1395 1575 1582 1652 fungi,
1638 1610 1713 1618 —-
1764 1596 1794 1632 e
1843 1576 2137 1633 contrario
2186 1574 2466 1651 permulti
2520 1574 2613 1630 illi
2661 1593 2793 1631 mo·

552 1663 750 1736 nachi,
811 1665 914 1739 qui
959 1664 1180 1722 relictis
1240 1664 1453 1742 patriis
1499 1664 1841 1741 regionibus
1895 1665 2045 1722 alias
2090 1664 2316 1722 insulae
2361 1669 2565 1740 partes
2609 1683 2790 1740 pera-

551 1754 810 1830 grabant
856 1753 998 1829 (vid.
1046 1753 1242 1830 infra),
1288 1753 1529 1813 minime
1570 1754 1742 1813 vetiti
1791 1759 1960 1811 erant
2006 1774 2113 1812 nec
2156 1754 2465 1830 baptizare
2497 1751 2791 1828 (Adamn.

551 1843 659 1902 vit.
689 1841 820 1903 Col.
866 1845 922 1916 2,
957 1844 1058 1916 47,
1104 1863 1161 1920 p.
1197 1843 1350 1919 215)
1398 1864 1504 1901 nec
1550 1842 1968 1901 confitentibus
1998 1863 2237 1921 operam
2270 1841 2412 1900 dare
2445 1842 2550 1917 (ib.
2588 1842 2644 1908 1,
2686 1842 2789 1912 17,

552 1954 609 2009 p.
661 1931 833 2008 204),
894 1933 1034 1990 item
1095 1933 1281 2004 absit,
1328 1938 1398 1991 ut
1459 1937 1634 2010 putes
1696 1932 1966 1991 omnibus
2026 1932 2401 1991 monasteriis
2458 1931 2610 1988 hanc
2659 1936 2786 1987 tam

555 2027 777 2079 arctam
825 2041 955 2079 cum
1002 2021 1168 2079 laicis
1213 2022 1701 2080 necessitudinem
1732 2022 1913 2079 fuisse
1961 2027 2021 2080 et
2052 2041 2252 2081 omnes
2283 2020 2599 2079 monachos
2629 2020 2786 2077 hanc

555 2110 971 2169 canonicorum
1017 2110 1270 2187 speciem
1315 2111 1672 2189 praebuisse,
1723 2145 1795 2157 --
1852 2132 1883 2168 e
1931 2111 2226 2169 contrario
2282 2112 2534 2168 alterum
2595 2109 2784 2186 quod-

555 2200 690 2259 dam
736 2207 797 2258 et
843 2199 1334 2259 monasteriorum
1380 2206 1439 2259 et
1479 2200 1896 2259 monachorum
1926 2220 2129 2276 genus,
2177 2199 2669 2271 anachoreticum,
2713 2203 2783 2254 ut

555 2291 640 2349 ita
686 2290 896 2361 dicam,
942 2289 1006 2347 in
1052 2291 1298 2348 ecclesia
1329 2288 1640 2349 Scotorum
1683 2289 1979 2349 exstitisse
2024 2291 2181 2348 infra
2225 2288 2582 2360 videbimus3
2629 2307 2787 2345 nune

550 2383 675 2454 jam
721 2385 953 2456 tempus
1001 2385 1107 2451 est,
1153 2385 1222 2437 ut
1254 2379 1554 2456 expositis,
1603 2399 1752 2455 quae
1800 2379 1874 2437 de
1904 2379 2396 2438 monasteriorum
2429 2377 2787 2436 auctoritate

556 2469 887 2544 generatim
919 2467 1166 2527 dicenda
1199 2469 1719 2541 erant,-redeamus
1743 2469 1819 2526 ad
1842 2470 2101 2545 priorem
2127 2489 2328 2527 earum
2356 2467 2785 2544 quaestionum,

559 2577 704 2634 quas
766 2577 945 2635 supra
992 2558 1075 2634 (p.
1126 2558 1235 2632 57)
1298 2557 1729 2635 proposuimus.
1822 2558 2187 2631 Quaeramus
2248 2557 2437 2634 igitur
2480 2577 2622 2614 num
2666 2556 2782 2612 sin-

557 2648 761 2724 gulare
792 2646 989 2719 fuerit,
1023 2647 1180 2723 quod
1212 2647 1397 2705 abbas
1429 2647 1696 2706 Hiiensis
1739 2648 2119 2723 presbyterus
2159 2653 2330 2705 tanta
2362 2647 2523 2724 apud
2552 2652 2782 2722 septen·

556 2737 840 2797 trionales
887 2733 1094 2795 Scotos
1143 2743 1204 2795 et
1249 2736 1407 2813 apud
1453 2755 1654 2794 omnes
1699 2736 1905 2795 Pictos
1950 2735 2204 2795 florebat
2249 2735 2622 2795 auctoritate.

737 2824 913 2884 Certo
962 2825 1279 2902 singularis
1341 2832 1472 2884 erat
1531 2830 1592 2884 et
1651 2831 1822 2884 tanta
1880 2826 2206 2884 auctoritas
2268 2830 2329 2883 et
2346 2869 2361 2897 ,
2423 2825 2540 2883 nisi
2597 2824 2780 2894 fallor,

557 2919 728 2973 tanta
774 2914 1096 2973 auctoritas
1143 2915 1379 2975 abbatis
1424 2915 1775 2992 presbyteri.
1865 2915 2110 2975 Nullum
2156 2915 2311 2972 enim
2373 2914 2533 2972 aliud
2588 2932 2778 2970 mona-

560 3003 806 3063 sterium
853 3003 914 3063 in
960 3004 1186 3063 cunctis
1231 3005 1467 3081 populis
1528 3005 1926 3081 principatum
1985 3003 2246 3063 tenuisse
2306 3022 2486 3080 supra
2548 3006 2630 3080 (p.
2677 3001 2777 3076 56)

552 3096 679 3168 jam
728 3092 979 3153 vidimus
1014 3128 1096 3138 -—
1127 3113 1318 3169 neque
1364 3093 1475 3151 hoc
1520 3113 1704 3151 unum
1751 3095 2130 3171 conspicuum
2177 3099 2283 3151 est.
2344 3091 2537 3150 Immo
2584 3089 2777 3150 abbati

559 3182 797 3240 Hiiensi
858 3182 1036 3240 etiam
1085 3183 1393 3261 episcopos
1457 3182 1754 3257 subjectos
1799 3183 1978 3241 fuisse
2039 3202 2158 3240 non
2204 3183 2360 3241 solus
2406 3180 2574 3240 Beda
2619 3178 2775 3238 testis

560 3278 651 3329 est
696 3273 902 3348 (supra
944 3292 1003 3349 p.
1053 3273 1178 3349 57),
1226 3273 1329 3331 sed
1378 3272 1575 3343 etiam,
1623 3271 1864 3348 quinam
1910 3271 2133 3331 fuerint
2193 3272 2280 3329 illi
2337 3270 2615 3347 episcopi,
2669 3289 2774 3326 non

559 3360 921 3437 ignoramus<
970 3360 1365 3419 Lismorensis
1412 3359 1637 3436 (Skene
1680 3360 1766 3434 H,
1813 3382 1868 3436 p.
1923 3362 2092 3437 133),
2140 3359 2641 3437 Cingaradhensis
2684 3358 2774 3433 (ib.

562 3458 622 3508 et
666 3449 746 3508 H.
795 3448 912 3507 and
958 3447 1045 3509 St.
1093 3449 1179 3521 II,
1235 3452 1285 3524 1,
1332 3470 1388 3526 p.
1443 3450 1593 3526 107)
1641 3449 2145 3509 Lindisfarnensis
2193 3471 2322 3509 cum
2368 3449 2466 3522 iis,
2528 3449 2631 3526 qui
2672 3447 2773 3524 ipsi

475 3615 478 3620 .
564 3544 735 3598 erant
766 3539 1034 3613 subjecti.
1096 3539 1259 3615 Ergo
1293 3540 1584 3616 dignitate
1630 3539 1813 3598 simili-
1855 3539 2279 3618 archiepiscopi
2310 3538 2496 3596 abbas
2525 3536 2774 3596 Hiiensis

562 3633 879 3687 exornatus
926 3634 1055 3686 erat
1115 3629 1281 3705 isque
1342 3648 1495 3686 unus
1556 3629 1618 3687 in
1664 3629 1911 3706 antiqua
1957 3627 2270 3688 Scotorum
2316 3628 2592 3699 ecclesia,
2652 3645 2772 3683 nam

560 3717 624 3775 in
670 3716 967 3776 Hibernia
1012 3723 1156 3776 tunc
1202 3718 1488 3795 temporis
1538 3718 1844 3796 episcopos
1905 3718 2079 3776 alteri
2140 3718 2419 3796 episcopo
2468 3718 2558 3776 vel
2606 3715 2771 3774 archi·

563 3807 839 3884 episcopo
899 3805 1079 3866 fuisse
1142 3809 1466 3883 subjectos,
1539 3808 1765 3865 nullum
1837 3814 2033 3865 exstat
2095 3813 2264 3867 vetus
2333 3796 2770 3865 testimonium1

562 3896 833 3967 Accedit,
865 3916 936 3952 ne
970 3895 1166 3956 dicam.
1193 3898 1266 3956 de
1297 3897 1536 3955 Aidano
1568 3918 1706 3972 rege
1739 3917 1773 3955 a
1806 3896 2094 3956 Columba
2136 3902 2475 3956 consecrato
2509 3894 2768 3970 (Adamn.

562 3987 671 4045 vit.
717 3984 842 4043 Col.
894 3985 949 4057 3,
998 3986 1103 4057 86,
1150 4009 1207 4063 p.
1244 3986 1414 4062 228),
1462 3986 1621 4061 quod
1666 3986 1850 4044 abbas
1899 3986 2165 4045 Hiiensis
2220 3986 2376 4046 solus
2416 3988 2515 4059 jus
2562 4003 2768 4041 excom-

564 4074 903 4135 municandi
949 4075 1262 4134 exercebat
1307 4075 1409 4151 (ib.
1458 4077 1518 4149 2,
1568 4072 1670 4147 58,
1716 4096 1773 4152 p.
1810 4076 1982 4153 218),
2030 4097 2159 4134 cum
2208 4076 2267 4132 in
2308 4074 2605 4133 Hibernia
2646 4073 2771 4131 haec

746 4268 767 4297 ¹
806 4265 895 4320 De
932 4267 1255 4336 principatu
1294 4266 1440 4320 sedis
1482 4267 1914 4320 Ardmachanae
1954 4267 2069 4320 vid.
2110 4283 2278 4333 supra
2317 4283 2370 4333 p.
2411 4266 2478 4320 56
2517 4269 2634 4318 not.
2673 4265 2714 4318 3.
