3025 4909
1176 206 1619 262 ...71-

280 402 419 443 cum
476 403 571 454 ea,
634 402 751 459 qua
796 380 964 441 Scoti
1009 382 1365 456 utebantur,
1420 382 1802 460 computandi
1847 382 1986 441 festi
2029 383 2322 459 paschalis
2366 384 2525 445 ratio

279 472 491 531 eadem
538 472 738 543 fuerit,
785 491 938 548 quae
974 471 1294 530 Britonum
1339 506 1427 516 —
1474 473 1635 546 quod
1679 473 1944 548 profecto
1990 472 2204 531 mirum
2249 493 2369 531 non
2413 480 2521 546 est,

275 561 396 621 etsi
440 560 709 619 Patricio
771 580 903 618 cum
946 560 1241 620 Romanis
1292 561 1664 620 necessitudo
1724 561 1866 633 fuit,
1925 581 2064 619 nam
2123 562 2327 620 eadem
2379 567 2526 620 tunc

273 649 541 710 Romani
585 650 911 708 utebantur
954 650 1093 708 festi
1136 651 1431 728 paschalis
1469 649 1928 728 computatione,
1975 669 2094 725 qua
2122 650 2404 710 Britones
2442 685 2520 695 —

277 740 361 799 ad
407 759 495 811 ea,
543 758 696 814 quae
726 758 907 816 supra
946 740 1029 815 (p.
1066 739 1144 796 19
1178 741 1337 816 sqq.)
1368 739 1638 811 disserui,
1685 741 1936 799 lectores
1966 740 2237 816 delegare
2267 759 2527 816 possum.

282 829 493 905 Neque
538 828 747 900 habeo,
794 828 954 903 quod
999 828 1072 885 de
1117 835 1361 887 tonsura
1405 827 1707 906 prioribus
1754 831 1836 906 (p.
1871 830 1949 886 21
1985 831 2100 906 sq.)
2132 829 2365 887 addam.
2438 829 2524 887 Et

276 918 417 996 ipsa
462 916 621 975 enim
667 916 872 974 eadem
918 922 1051 975 erat
1092 918 1255 995 apud
1301 917 1527 991 Scotos,
1574 937 1726 992 quae
1771 918 1931 995 apud
1975 918 2256 976 Britones
2294 952 2384 961 -—
2412 917 2525 976 hoc

280 1012 512 1066 certum
558 1010 665 1078 est,
711 1006 815 1063 sed
858 1011 1059 1064 utrum
1097 1008 1225 1081 jam
1267 1005 1585 1078 Patricius,
1631 1014 1701 1066 ut
1746 1013 1947 1066 censet
1987 1006 2312 1083 Gatalogus
2342 1005 2523 1065 Sanc·

276 1103 500 1165 torum,
546 1099 818 1154 attonsus
862 1095 1044 1153 fuerit
1088 1095 1267 1172 idque
1313 1104 1561 1155 tonsura
1604 1096 1924 1155 Britonum
1968 1102 2031 1155 et
2071 1094 2400 1169 Scotorum,
2447 1116 2524 1154 an

277 1183 601 1262 peculiaris
633 1183 740 1241 illa
768 1183 1121 1242 tonsurandi
1151 1184 1307 1243 ratio
1331 1184 1762 1263 posterioribus
1784 1184 2152 1262 temporibus
2177 1185 2413 1242 aliunde
2444 1217 2521 1227 —-

276 1273 443 1332 haud
503 1272 684 1332 sciam
744 1293 822 1330 an
883 1293 958 1330 ex
1002 1271 1202 1332 Gallia
1259 1294 1380 1332 una
1439 1293 1573 1332 cum
1631 1274 1759 1333 vita
1817 1274 2163 1332 monachica
2213 1308 2288 1317 ——
2342 1278 2401 1331 et
2461 1273 2525 1330 in

277 1361 661 1422 Britanniam
693 1368 755 1421 et
783 1361 849 1420 in
870 1361 1225 1420 Hiberniam
1248 1363 1606 1439 pervenerit,
1637 1363 1699 1421 in
1724 1363 1918 1421 medio
1941 1362 2395 1439 relinquendum
2418 1370 2526 1420 est.

465 1451 637 1509 Haec
695 1451 883 1527 igitur
935 1452 1010 1509 de
1055 1451 1369 1524 Columba,
1430 1452 1505 1510 de
1552 1454 1720 1527 cujus
1763 1472 2017 1531 persona
2064 1459 2126 1510 et
2169 1457 2369 1510 aetate
2413 1450 2527 1509 hac

279 1546 523 1599 nostrae
583 1539 1008 1617 disputationis
1066 1545 1239 1618 parte
1297 1542 1585 1600 disserere
1643 1562 1824 1619 supra
1882 1542 2053 1600 nobis
2095 1539 2524 1618 proposuimus.

282 1628 404 1688 Sed
450 1627 795 1706 priusquam
842 1629 918 1687 ad
963 1635 1309 1704 sequentem
1339 1631 1790 1708 progredientes
1823 1636 2056 1708 partem
2086 1629 2529 1706 cognoscendae

281 1717 563 1777 ecclesiae
622 1719 681 1778 N
681 1718 1255 1795 ordanhymbrorum
1326 1725 1388 1778 et
1453 1727 1704 1780 naturae
1775 1729 1837 1780 et
1897 1719 2332 1779 controversiae
2393 1738 2526 1776 cum

279 1807 557 1866 Romana
589 1807 836 1865 ecclesia
867 1827 1108 1885 operam
1139 1809 1360 1881 demus,
1390 1808 1598 1885 paucis
1620 1829 1823 1869 earum
1845 1808 2176 1866 Hiberniae
2199 1807 2528 1884 regionum,

287 1915 442 1972 quae
484 1916 521 1953 a
566 1895 828 1955 dominio
872 1897 1211 1955 Hiiensium
1256 1898 1480 1956 liberae
1528 1904 1724 1971 erant,
1776 1897 2088 1957 historiam
2133 1897 2524 1956 absolvamus.

468 1983 545 2042 In
590 1985 951 2045 australibus
996 1986 1153 2043 enim
1182 1985 1513 2045 Hiberniae
1558 1988 1831 2066 partibus
1876 1987 2079 2064 paullo
2123 1991 2264 2044 ante
2307 2003 2527 2043 annum

293 2074 422 2132 630
466 2074 727 2133 Romani
788 2074 938 2133 inito
996 2075 1288 2134 nescimus
1332 2077 1625 2152 quomodo
1672 2095 1803 2135 cum
1847 2074 2136 2133 Hibernis
2181 2072 2529 2133 commercio

288 2182 420 2222 cum
449 2162 568 2221 illis
600 2184 778 2240 agere
809 2171 1150 2243 coeperunt,
1191 2172 1261 2223 ut
1291 2165 1527 2240 abjecto
1555 2184 1662 2223 suo
1694 2164 2035 2225 celebrandi
2062 2163 2203 2222 festi
2233 2161 2526 2240 paschalis

283 2272 448 2311 more
507 2252 571 2310 in
624 2252 920 2313 unitatem
966 2253 1247 2313 ecclesiae
1291 2255 1577 2313 redirent.
1667 2253 1844 2326 Quod
1890 2253 2004 2311 etsi
2047 2251 2222 2310 initio
2266 2250 2526 2309 Hiberni

282 2341 656 2413 recusabant,
701 2347 903 2401 tamen
942 2342 1147 2420 paucis
1187 2342 1359 2401 annis
1388 2348 1543 2422 post,
1590 2362 1746 2401 anno
1779 2343 1926 2414 630,
1970 2346 2041 2399 ut
2069 2340 2324 2412 videtur,
2371 2359 2525 2397 com·

284 2428 435 2489 moti
494 2428 680 2507 ipsius
724 2431 982 2490 Honorii
1041 2450 1234 2509 papae
1287 2432 1542 2510 epistula
1596 2431 1819 2509 synodo
1866 2431 2276 2509 episcoporum
2320 2428 2528 2487 habita

286 2518 364 2577 ad
429 2517 720 2597 Campum
789 2520 990 2578 album
1060 2520 1266 2596 (Magh
1282 2553 1304 2566 -
1320 2520 1512 2598 Lene)
1581 2540 1783 2580 omnes
1849 2520 2129 2579 australis
2196 2517 2530 2577 Hiberniae

282 2607 515 2666 incolae
580 2608 800 2684 pascha
869 2610 1153 2668 canonico
1222 2610 1346 2668 ritu
1407 2611 1724 2669 observare
1792 2609 2132 2667 didicerunt
2190 2613 2252 2666 et
2311 2607 2531 2684 legatis

282 2695 541 2754 Romam
599 2696 794 2754 missis
853 2718 998 2774 pace
1057 2718 1190 2758 cum
1245 2697 1534 2758 Romanis
1591 2700 1753 2758 facta
1812 2698 2234 2757 intellexerunt
2292 2716 2353 2755 se
2413 2695 2529 2753 nisi

287 2785 634 2860 conjunctos
698 2804 832 2842 cum
895 2786 1188 2863 episcopis
1246 2786 1535 2847 Romanis
1596 2788 1889 2847 unitatem
1949 2785 2230 2845 ecclesiae
2290 2802 2529 2843 servare

286 2892 406 2932 non
450 2871 679 2950 posse.1

461 2960 635 3019 Haec
694 2961 893 3021 omnia
937 2962 1218 3023 Hiienses
1272 2985 1448 3041 aegre
1494 2966 1763 3025 tulerunt
1806 2963 2120 3040 (Cumeani
2165 2984 2259 3042 ep.
2306 2984 2365 3039 p.
2414 2962 2529 3018 20:

283 3072 323 3109 a
367 3048 526 3109 vobis
569 3049 901 3131 impugnor,
947 3073 1007 3129 p.
1041 3052 1152 3110 22:
1202 3067 1348 3111 onus
1390 3061 1472 3112 est
1512 3052 1671 3114 vobis
1714 3052 1873 3135 quod
1916 3051 2072 3130 dico)
2119 3053 2244 3113 sive
2289 3050 2529 3109 omnino

286 3139 411 3200 sive
443 3140 602 3215 quod
646 3160 768 3198 una
811 3161 944 3199 cum
991 3140 1124 3199 aliis
1171 3142 1448 3201 australis
1476 3143 1809 3202 Hiberniae
1839 3141 2211 3201 monasteriis
2242 3147 2304 3198 et
2332 3140 2527 3217 ipsum

284 3229 760 3288 Dearmachense
805 3229 949 3304 (vid.
989 3249 1173 3307 supra
1216 3250 1274 3307 p.
1309 3231 1437 3306 54),
1483 3234 1652 3307 cujus
1696 3231 1883 3289 abbas
1913 3230 2248 3289 Cumeanus
2291 3228 2532 3288 videtur

283 3317 494 3391 fuisse,
539 3317 617 3376 ad
660 3317 966 3377 Romanos
1010 3319 1363 3391 transierat;
1410 3340 1602 3397 neque
1646 3319 1764 3398 ipsi
1808 3340 2001 3396 neque
2045 3316 2529 3398 septentrionalis

282 3406 617 3465 Hiberniae
676 3406 940 3485 episcopi
993 3408 1250 3485 epistula
1302 3408 1406 3467 illa
1448 3409 1496 3467 J
1496 3409 1745 3468 ohannis
1788 3429 2004 3488 papae,
2065 3409 2138 3467 de
2185 3428 2304 3485 qua
2348 3426 2528 3483 supra

283 3495 513 3554 dictum
566 3501 657 3554 est
701 3499 786 3574 (p.
835 3495 946 3572 58)
993 3498 1270 3556 commoti
1326 3504 1490 3571 sunt,
1549 3504 1620 3557 ut
1673 3499 2018 3558 societatem
2062 3518 2195 3556 cum
2239 3495 2532 3554 Romanis

282 3584 525 3643 inirent.
599 3583 818 3660 Itaque
865 3604 1018 3661 quae
1062 3585 1136 3643 de
1164 3586 1513 3646 Hiiensibus
1555 3593 1618 3646 et
1645 3587 1720 3646 de
1749 3586 2044 3645 Hibernia
2074 3584 2529 3661 septentrionali

284 3672 542 3752 amplius
588 3673 839 3732 dicenda
884 3680 1040 3747 sunt,
1087 3673 1150 3733 in
1196 3676 1580 3751 sequentibus
1625 3676 1835 3735 melius
1882 3695 2058 3752 quam
2104 3675 2216 3733 hoc
2261 3676 2390 3733 loco
2423 3674 2525 3732 ab·

434 3882 456 3912 ²
493 3882 772 3936 Nituntur
803 3882 943 3935 haec
971 3883 1159 3936 omnia
1184 3885 1243 3936 et
1268 3882 1538 3937 Cumeani
1565 3884 1808 3953 epistula
1832 3884 1906 3937 ad
1931 3883 2237 3952 Segenium
2261 3883 2528 3937 abbatem

288 3952 586 4006 Hiiensem
624 3954 950 4023 (623-652,
989 3951 1064 4009 Η.
1104 3954 1216 4007 and
1242 3953 1326 4008 St.
1353 3954 1433 4020 H,
1475 3957 1504 4008 1
1546 3973 1601 4024 p.
1632 3956 1779 4025 135),
1820 3972 1964 4025 quae
2003 3960 2187 4010 exstat
2222 3957 2282 4009 in
2308 3952 2527 4007 Usserii

285 4027 545 4079 veterum
565 4025 930 4094 epistolarum
951 4025 1372 4078 hibernicarum
1394 4027 1656 4097 syllogea
1670 4021 1833 4080 Paris
1856 4027 2011 4082 1665.
2052 4045 2140 4096 ep.
2163 4028 2229 4081 11
2250 4045 2303 4094 p.
2317 4025 2384 4079 17
2404 4041 2526 4093 sqq.

286 4101 348 4150 et
395 4095 589 4149 Bedae
633 4095 767 4151 hist.
806 4097 856 4161 2,
900 4098 968 4151 19
1019 4097 1051 4167 ξ
1095 4096 1199 4150 143
1235 4114 1354 4166 sqq.
1403 4101 1462 4150 et
1506 4098 1557 4161 3,
1599 4099 1632 4152 3
1684 4099 1716 4167 ξ
1759 4100 1878 4153 155.
1953 4098 2056 4165 Et,
2111 4116 2221 4167 quo
2267 4100 2530 4164 tempore

286 4167 443 4221 facta
479 4165 608 4231 sint,
648 4184 776 4220 cum
802 4166 1197 4235 episcoporum
1224 4167 1609 4222 Romanorum
1634 4169 1861 4223 nomina
1887 4169 2167 4224 definiunt
2190 4166 2526 4238 (625-640)

282 4243 408 4293 tum
457 4238 765 4292 incertiora
812 4237 1042 4307 quidem
1091 4238 1192 4291 illa
1228 4240 1329 4292 sed
1366 4240 1501 4293 satis
1537 4241 1686 4294 bona
1724 4245 2059 4308 argumenta
2102 4257 2174 4294 ex
2210 4241 2352 4309 ipsis
2392 4239 2526 4294 festi

287 4309 577 4380 paschalis
616 4309 1132 4377 computationibus
1171 4309 1467 4379 desumpta
1503 4309 1720 4379 (Skene
1756 4310 1836 4377 H,
1877 4330 1933 4381 p.
1975 4312 2123 4382 161).
