3025 4909
1123 253 1220 265 ,...
1315 219 1575 276 91.-

179 414 478 471 possum
524 396 627 455 sed
670 397 914 473 longum
959 402 1052 456 est
1096 401 1159 455 et
1202 415 1727 474 supervacaneum,
1774 416 1912 454 nam
1955 395 2128 454 facile
2182 395 2295 455 sibi
2341 396 2469 474 ipse

184 485 490 562 quisque
561 485 943 563 persuadebit
998 484 1336 544 Ebrardum
1396 483 1683 545 Balthero
1751 488 2035 561 maj0rem
2102 483 2280 544 fidem
2350 495 2469 543 non

185 575 526 634 attulisse.

413 663 722 722 Fridolino
755 668 955 722 autem
985 663 1200 722 omisso
1230 662 1408 740 primi
1432 660 1763 736 Scotorum,
1796 667 2084 739 quantum
2105 682 2212 722 nos
2236 662 2468 736 scimus,

187 751 274 809 in
340 753 746 812 continentem
790 758 1082 812 venerunt
1125 752 1414 812 Columba
1460 757 1521 810 et
1568 751 1709 810 socii
1756 753 1899 826 ejus.

417 839 706 900 Columba
751 840 936 917 igitur
978 841 1218 900 natione
1249 840 1479 912 Scotus,
1525 845 1699 899 natus
1728 840 1791 898 in
1823 861 1892 898 ea
1920 839 2251 899 Hiberniae
2281 846 2470 918 parte,

194 949 416 1007 quam
463 930 846 1006 Lagenorum
898 937 1121 989 terram
1167 930 1394 989 incolae
1439 929 1828 989 nominabant
1871 929 1934 1006 (i.
1981 949 2030 986 e.
2075 929 2354 989 Leinster
2399 930 2471 988 cf.

191 1018 448 1091 Jonae,
496 1018 732 1089 abbatis
775 1018 1116 1092 Bobiensis,
1177 1019 1251 1078 de
1299 1037 1415 1097 quo
1460 1018 1579 1078 vid.
1625 1017 2047 1090 wattenbach,
2093 1015 2470 1077 Geschichts-

199 1108 476 1185 quellen
520 1107 573 1180 I,
618 1128 677 1185 p.
727 1108 827 1181 99,
882 1107 988 1167 vit.
1034 1107 1160 1167 Col.
1208 1129 1255 1167 c.
1304 1110 1340 1165 6
1390 1113 1453 1166 et
1501 1109 1559 1165 9.
1625 1107 1782 1166 Mab.
1828 1106 1899 1164 H
1944 1127 2080 1165 ann.
2129 1106 2276 1178 615,
2322 1128 2382 1185 p.
2432 1107 2468 1164 7

199 1203 287 1255 et.
343 1197 409 1273 8)
457 1196 729 1255 eruditus
782 1197 846 1254 in
900 1197 1222 1256 clarissimo
1268 1195 1628 1255 monasterio
1673 1194 2074 1255 Benchorensi
2117 1196 2179 1253 in
2226 1195 2473 1255 Ultonia

203 1286 334 1360 (cf.
364 1306 426 1364 p.
463 1285 573 1362 55)
621 1305 740 1344 non
786 1285 874 1345 ita
918 1287 1106 1344 multo
1147 1291 1286 1345 ante
1317 1304 1537 1345 annum
1571 1285 1699 1343 590
1728 1285 1932 1344 natale
1959 1285 2148 1343 solum
2178 1283 2473 1361 reliquit.¹

202 1373 385 1435 Voti
443 1374 537 1434 sui
594 1374 777 1433 fuisse
830 1382 1022 1455 yemes
1080 1373 1313 1434 visitare
1372 1382 1424 1435 et
1481 1370 1844 1454 evanyelium
1901 1372 1979 1432 eis
2038 1392 2077 1432 a
2135 1391 2196 1432 se
2246 1372 2474 1453 suisque

192 1461 581 1542 praedicari
607 1462 738 1540 ipse
768 1462 1090 1522 affirmavit
1119 1463 1316 1542 (epist.
1352 1465 1389 1521 3
1424 1463 1501 1522 ad
1532 1462 1737 1539 discip.
1762 1462 1924 1523 Bibl.
1958 1482 2110 1520 max.
2139 1468 2295 1539 patr.
2319 1460 2472 1534 XII,

208 1572 288 1630 p.
344 1553 426 1610 27
474 1552 565 1624 D;
611 1551 911 1628 Flemingi
956 1551 1105 1611 Coll.
1150 1573 1209 1630 p.
1262 1553 1385 1610 132
1408 1550 1475 1628 2),
1531 1551 1635 1610 sed
1679 1558 1785 1610 aut
1828 1551 1956 1610 voti
2000 1570 2238 1629 compos
2280 1552 2473 1610 factus

208 1660 354 1699 non
415 1648 507 1699 est
567 1647 690 1714 aut,
753 1660 930 1717 quam
989 1640 1112 1700 vim
1172 1641 1434 1700 habeant
1478 1641 1583 1699 illa
1626 1641 1826 1713 verba,
1874 1640 2250 1718 cognoscitur
2294 1647 2356 1699 et
2402 1660 2475 1698 ex

214 1735 456 1788 eventu
505 1764 591 1774 —
637 1729 1012 1788 monasteriis
1057 1729 1329 1802 conditis,
1376 1736 1438 1788 et
1482 1750 1556 1788 ex
1599 1728 1689 1802 iis,
1738 1748 1890 1805 quae
1929 1729 2168 1788 omnino
2198 1734 2475 1788 constant

214 1818 312 1877 de
344 1818 659 1878 Scotorum
690 1818 1286 1896 peregrinationibus,
1320 1838 1569 1895 quarum
1601 1816 1812 1877 Scotos
1839 1817 2027 1895 ipsius
2056 1817 2475 1894 peregrinandi

220 1926 417 1965 causa
461 1906 757 1966 studiosos
801 1906 981 1965 fuisse
1025 1906 1238 1966 seimus
1279 1908 1378 1983 (of.
1410 1927 1589 1985 supra
1618 1928 1677 1984 p.
1711 1906 1794 1964 68
1826 1926 1913 1983 sq.
1945 1913 2006 1965 et
2036 1906 2191 1964 infra
2221 1905 2285 1963 in
2313 1905 2473 1981 fine).
2511 1965 2524 1974 l

219 1994 636 2073 Peregrinans
680 1995 870 2073 igitur
913 2015 1022 2073 pro
1062 1995 1301 2055 Christo
1345 2015 1546 2055 amore
1593 1994 1861 2054 coelestis
1888 1995 2123 2073 patriae
2153 1999 2475 2053 commotus

224 2103 373 2142 cum
431 2084 495 2142 in
555 2082 816 2143 Galliam
877 2084 1161 2158 venisset,
1222 2104 1258 2142 a
1319 2084 1702 2143 childeberto
1760 2103 1925 2161 rege,
1986 2083 2162 2159 hujus
2220 2083 2476 2143 nominis

226 2173 492 2232 secundo
541 2172 967 2250 (575—596),
1027 2173 1344 2232 honorifice
1401 2179 1709 2250 susceptus
1767 2177 2126 2250 potestatem
2184 2177 2475 2231 monaste·

224 2260 460 2320 riorum
508 2262 949 2321 condendorum
994 2282 1030 2319 a
1075 2282 1215 2339 rege
1260 2262 1565 2339 flagitasse
1608 2261 1847 2320 videtur
1877 2262 1947 2337 (J
1948 2280 2040 2320 on.
2071 2260 2176 2320 vit.
2210 2259 2338 2319 Col.
2375 2261 2475 2332 12,

225 2350 399 2409 Mab.
457 2350 528 2407 H
583 2371 716 2409 ann.
772 2351 930 2423 615,
986 2373 1044 2428 p.
1107 2352 1214 2427 10)
1280 2357 1340 2409 et
1404 2356 1705 2429 potestate
1764 2350 1906 2408 data
1963 2348 2199 2408 deserta
2258 2349 2477 2408 montis

228 2438 469 2515 Vosagi
514 2439 646 2497 loca
688 2439 881 2516 petiit.
957 2438 1057 2498 Ibi
1102 2439 1359 2517 primum
1406 2438 1717 2498 constituit
1745 2438 2166 2498 monasterium
2198 2436 2477 2515 Anagra-

231 2533 408 2587 tense
456 2533 518 2586 et
562 2533 775 2604 postea
820 2534 994 2587 aucto
1034 2529 1454 2587 monachorum
1499 2546 1744 2586 numero
1788 2527 2167 2586 Luxoviense
2213 2532 2274 2586 et
2319 2526 2477 2586 Fon·

229 2622 514 2687 tanense3
559 2616 703 2692 ipse,
751 2616 937 2677 abbas
966 2616 1361 2677 Luxoviensis
1390 2615 1751 2690 monasterii,
1785 2616 2004 2694 quippe
2037 2616 2197 2692 quod
2227 2615 2478 2675 aliorum

230 2704 646 2784 principatum
689 2711 922 2765 teneret
967 2707 1066 2780 (cf.
1097 2725 1279 2784 supra
1306 2726 1367 2783 p.
1402 2705 1530 2781 55),
1574 2704 1749 2763 modo
1795 2704 1892 2763 hic
1924 2705 2096 2763 modo
2126 2704 2249 2763 illic
2280 2724 2477 2764 versa-

231 2795 422 2853 batur
481 2792 719 2868 (Hertel
779 2815 837 2873 p.
894 2793 1051 2870 410)
1110 2829 1198 2839 —
1256 2794 1442 2853 donec
1501 2813 1656 2852 anno
1720 2795 1847 2851 610
1910 2792 2314 2853 Theodericus
2372 2814 2480 2853 rex

383 3021 405 3052 ¹
448 3018 575 3088 Quo
628 3037 774 3073 anno
812 3019 1085 3075 Columba
1131 3020 1189 3074 in
1229 3018 1476 3073 Galliam
1513 3019 1761 3086 venerit,
1814 3019 2103 3088 discrepat
2138 3019 2290 3074 inter
2325 3019 2478 3073 viros

235 3093 439 3146 doctos
478 3091 552 3144 cf.
580 3089 867 3159 Flemingi
895 3090 1038 3144 Coll.
1079 3090 1235 3159 (vide
1274 3090 1697 3144 annotationem
1735 3093 2088 3159 sequentem)
2114 3108 2169 3159 p.
2199 3090 2304 3145 317
2329 3108 2477 3160 sqq.;

235 3163 372 3217 Act.
402 3162 507 3216 SS.
535 3160 683 3215 Boll.
712 3159 834 3213 Oct.
865 3162 932 3216 16
959 3165 1120 3231 (tom.
1153 3160 1287 3224 VH,
1316 3161 1374 3229 2)
1404 3178 1458 3230 p.
1486 3161 1591 3216 866
1618 3179 1767 3229 sqq.;
1805 3160 2031 3214 Ebrard
2057 3179 2112 3230 p.
2142 3161 2209 3215 16
2235 3164 2353 3214 not.
2383 3162 2476 3226 163

232 3235 483 3290 eundem
520 3233 581 3286 in
620 3230 943 3297 zeitschrift
972 3233 1076 3300 fiir
1120 3232 1172 3286 d.
1211 3232 1400 3288 histor.
1433 3232 1608 3287 Theol.
1648 3231 1804 3296 1875,
1845 3249 1900 3298 p.
1939 3232 2045 3286 500
2082 3249 2232 3300 sqq.;
2272 3228 2477 3286 Greith

231 3323 295 3375 p.
337 3304 615 3367 266—693
655 3301 862 3355 Hertel
898 3302 958 3356 in
985 3302 1307 3371 Zeitsckrift
1337 3305 1440 3371 fiir
1476 3302 1529 3356 d.
1568 3303 1693 3356 hist.
1728 3302 1900 3358 Theoi.
1942 3301 2097 3366 1875,
2138 3320 2193 3370 p.
2220 3302 2325 3357 403
2353 3321 2474 3372 sqq.

234 3381 297 3430 et
347 3377 408 3429 in
446 3372 775 3440 Zeitschrift
803 3371 907 3439 fiir
943 3374 1353 3444 Kirchenyesch.
1390 3372 1488 3427 ΙΙΙ
1528 3373 1740 3443 (1879),
1780 3391 1834 3443 p.
1879 3374 1979 3428 145
2018 3391 2164 3442 sqq.;
2218 3373 2478 3444 Loening

232 3445 322 3513 ΙΙ,
375 3465 431 3515 p.
473 3446 579 3499 415
635 3449 754 3498 not.
797 3445 843 3495 1.
923 3442 1127 3499 Omnes
1178 3448 1416 3514 excepto
1462 3444 1748 3509 Ebrard0‚
1799 3445 1897 3513 qui
1942 3444 2275 3500 Columbam
2329 3461 2477 3499 anno

234 3519 468 3572 demum
506 3517 613 3571 594
649 3516 712 3568 in
749 3513 1047 3568 Franciam
1083 3516 1304 3569 venisse
1342 3515 1629 3584 opinatur,
1670 3516 2029 3570 consentiunt
2063 3515 2472 3569 monasterium

235 3589 605 3644 Luxoviense
641 3602 790 3640 anno
828 3584 934 3639 590
969 3585 1063 3637 vel
1101 3587 1200 3640 591
1242 3587 1534 3640 conditum
1572 3602 1709 3640 esse.

385 3660 408 3692 ²
444 3657 758 3715 Columbae
794 3671 969 3724 opera
1005 3655 1218 3723 primus
1255 3657 1436 3710 edidit
1473 3656 1756 3710 Patricius
1794 3655 2146 3724 Flemingus,
2184 3653 2476 3711 Hibernas

237 3730 635 3798 (Collectanea
659 3744 834 3781 sacra.
870 3725 1131 3780 Lovanii.
1171 3726 1354 3795 1667).
1418 3726 1520 3790 Ea,
1561 3745 1703 3795 quae
1739 3728 1800 3781 in
1833 3727 2193 3781 Bibliotheca
2230 3727 2478 3781 maxima

234 3803 388 3870 patr.
427 3799 551 3854 ΧΠ
590 3796 878 3867 (Lugdun.
942 3797 1105 3865 1707)
1164 3801 1351 3852 exstat
1398 3814 1632 3866 operum
1682 3798 1990 3853 Columbae
2037 3798 2215 3852 editio
2262 3798 2345 3852 nil
2393 3803 2479 3852 est

234 3870 351 3930 nisi
374 3868 660 3941 Flemingi
686 3868 864 3922 editio
891 3868 1139 3937 repetita
1162 3872 1222 3922 et
1244 3869 1472 3937 quidem
1498 3872 1660 3922 tanta
1684 3869 1919 3922 levitate
1944 3870 2207 3937 repetita,
2232 3873 2298 3923 ut
2322 3886 2372 3924 e.
2400 3886 2473 3938 g„

236 3959 369 3998 cum
417 3940 699 4011 Flemingi
751 3939 1176 3993 observationes
1231 3939 1496 4007 praeviae
1552 3939 1613 3992 in
1661 3939 1884 4008 regulas
1932 3939 2240 3995 Columbae
2291 3941 2477 3995 denuo

235 4013 394 4082 typis
432 4012 894 4066 exscriberentur
919 4012 1001 4079 (p.
1030 4011 1064 4064 2
1088 4011 1216 4080 ιφ),
1243 4009 1330 4064 bis
1358 4010 1860 4065 transscriberetur
1885 4009 2170 4080 Flemingi
2193 4011 2340 4065 illud
2376 4014 2481 4075 „ut

236 4082 549 4222 ssss'ssff‘ffg.
550 4080 1887 4220 iffssnfffflffi‘.fflfflsssssszssz'iss‘ffdss‘fflfss
1896 4099 2231 4207 3333&
2258 4081 2477 4206 3¹3ssss

242 4228 394 4296 quia,
435 4240 550 4293 quo
588 4223 714 4277 loco
739 4224 961 4294 singula
984 4222 1161 4275 verba
1186 4222 1560 4291 reperiantur,
1602 4224 1917 4277 accuratius
1944 4223 2189 4277 describi
2213 4227 2405 4293 potest
2428 4224 2476 4277 si

239 4298 496 4353 editione
544 4295 696 4349 Bibl.
733 4313 880 4348 max.
917 4293 1155 4358 utimur,
1203 4291 1489 4361 Flemingi
1536 4294 1769 4364 paginas
1815 4311 1930 4348 non
1974 4294 2215 4363 amplius
2254 4295 2479 4351 addam.
