3025 4909
1399 242 1487 251 —
1574 209 1705 266 '112
1797 242 1886 252 -

522 392 775 469 gissent,
832 390 947 449 nisi
993 390 1345 467 disciplinae
1391 408 1569 448 causa
1614 388 1689 447 iis
1733 387 2057 464 placuisset
2099 387 2161 443 in
2210 385 2521 445 coenobiis
2556 387 2807 445 vivere.

519 481 738 557 Itaque
784 480 1164 539 eremitarum
1211 484 1411 537 coetus
1458 483 1632 538 erant
1685 477 2043 535 monasteria
2089 493 2293 533 eorum
2308 519 2322 547 ,
2381 495 2521 532 nam
2566 472 2636 533 in
2687 475 2801 536 de-

520 567 684 629 sertis
728 567 1004 639 sedewdes,
1050 565 1198 627 nulli
1238 563 1488 638 molesti,
1534 585 1671 625 cum
1714 561 1927 646 requhls
1971 563 2266 624 seniorum
2309 571 2609 623 manentes
2663 586 2798 637 003,

520 659 582 716 in
644 678 892 734 quorum
951 657 1194 733 regione
1252 657 1672 728 versabantur,
1742 656 1889 714 adeo
1947 654 2358 732 negligebant,
2426 657 2496 709 ut
2551 655 2798 713 nemini

519 747 716 807 aditus
762 752 998 826 pateret
1042 746 1203 804 intra
1247 752 1419 824 septa
1465 745 1811 803 monasterii
1843 744 2079 821 (Jonas,
2110 743 2218 802 vit.
2251 741 2379 803 Col.
2415 741 2514 812 33,
2547 764 2605 819 p.
2653 745 2792 818 19).

518 836 761 895 Minime
806 836 995 913 igitur
1037 836 1321 894 ecclesiae
1367 855 1611 912 operam
1657 853 1824 892 snam
1872 833 2329 901 commodabant
2375 831 2451 891 ad
2498 831 2789 890 erudien-

518 927 625 986 dos
671 927 948 1003 populos,
1003 925 1107 984 sed
1152 943 1260 982 sua
1305 923 1552 1001 propria
1595 922 1827 981 ratione
1877 924 1955 982 ad
1999 923 2185 981 vitam
2230 926 2536 981 aeternam
2582 921 2786 979 homi-

517 1016 693 1074 nibus
754 1014 1171 1072 monstrabant
1232 1013 1408 1072 viam.
1510 1012 1962 1088 Peregrinaturi
2023 1033 2055 1069 0
2115 1011 2318 1088 patria
2376 1010 2785 1078 decesserant,

516 1103 821 1181 peregrini
867 1109 1040 1161 erant
1084 1103 1145 1160 in
1194 1100 1394 1160 Gallia
1440 1108 1503 1160 et
1549 1100 1891 1160 Germania.
1982 1101 2159 1160 Unde
2215 1100 2398 1158 etiam
2453 1099 2522 1172 ii,
2585 1099 2699 1174 qui
2747 1119 2783 1155 e

517 1190 711 1251 Gallis
756 1192 852 1250 vel
899 1190 1214 1250 Germanis
1259 1191 1324 1248 in
1370 1191 1609 1249 illorum
1653 1189 2028 1248 monasteriis
2075 1189 2297 1248 eruditi
2350 1194 2561 1267 postea
2616 1188 2782 1265 epis-

517 1301 801 1359 coporum
868 1300 1113 1340 munera
1181 1280 1515 1351 subierunt,
1593 1278 1895 1356 peregrini
1969 1278 2280 1336 redierunt
2355 1278 2419 1335 in
2497 1277 2781 1355 ipsorum

514 1370 798 1448 patriam,
860 1369 1160 1448 peregrini
1206 1388 1326 1426 000
1371 1369 1563 1427 solum
1607 1368 1671 1426 in
1717 1368 1964 1440 mundo,
2024 1367 2327 1444 peregrini
2378 1367 2442 1423 in
2497 1366 2631 1444 ipsa
2683 1386 2778 1422 ec·

516 1460 718 1532 clesia,
780 1459 1002 1537 quippe
1058 1459 1161 1534 qui
1215 1462 1427 1536 utpote
1489 1458 1764 1516 monachi
1819 1456 2163 1519 austerioris
2218 1456 2635 1515 observantiae
2699 1451 2777 1512 ab

516 1547 778 1608 omnium
822 1543 1210 1607 saecularium
1253 1566 1417 1606 more
1445 1545 1817 1607 desciscerent
1846 1548 2078 1620 (Jonas,
2110 1546 2215 1605 vit.
2249 1545 2376 1604 Col.
2412 1544 2516 1615 33,
2548 1564 2604 1620 p.
2645 1544 2777 1619 19).

512 1636 788 1695 Monachi
844 1636 1000 1694 enim
1054 1644 1226 1696 erant
1279 1656 1504 1709 omnes,
1568 1636 1671 1713 qui
1726 1636 1787 1693 in
1843 1637 1962 1695 illis
2019 1634 2331 1694 Scotorum
2390 1633 2776 1692 monasteriis

514 1726 735 1785 eruditi
766 1731 921 1798 sunt,
968 1745 1105 1785 nam
1136 1733 1205 1785 ut
1234 1726 1295 1784 in
1328 1726 1688 1785 monasterio
1719 1726 1957 1785 Hiiensi
1990 1723 2274 1800 (Adamn.
2299 1723 2404 1782 vit.
2430 1721 2559 1781 Col.
2590 1723 2643 1793 1,
2666 1722 2774 1794 27,

501 1816 674 1875 Acta
721 1814 828 1874 SS.
874 1814 1031 1874 Boll.
1076 1815 1251 1873 Junii
1300 1816 1356 1887 9,
1403 1835 1463 1891 p.
1511 1816 1668 1890 207)
1714 1815 1802 1873 ita
1862 1815 1925 1871 in
1987 1813 2260 1871 omnibus
2314 1811 2776 1890 peregrinorum

499 1905 891 1964 -monasteriis
937 1904 1086 1962 nulli
1131 1905 1195 1961 in
1240 1924 1547 1962 numerum
1579 1904 2003 1981 discipulorum
2048 1901 2280 1980 recepti
2324 1920 2452 1959 esse
2483 1899 2777 1959 videntur

514 1994 629 2053 nisi
693 1994 796 2070 qui
857 1993 1263 2052 monachicum
1324 2000 1531 2051 votum
1602 1992 2017 2070 promiserant.
2120 1990 2518 2066 Nequaquam
2578 1988 2777 2064 igitur

514 2087 861 2141 cunctorum
914 2083 1271 2159 populorum
1326 2089 1744 2158 praeceptores
1795 2080 1926 2138 fieri
1979 2084 2306 2158 potuerunt
2349 2077 2624 2136 monachi
2671 2075 2793 2135 Sti·

513 2170 856 2243 Columbae,
902 2190 1040 2228 nam
1073 2171 1369 2229 austerior
1398 2176 1461 2229 et
1491 2170 1744 2247 rigidior
1789 2176 1920 2228 erat
1964 2170 2170 2245 regula
2217 2188 2324 2226 nec
2371 2174 2574 2225 tamen
2619 2166 2774 2224 satis

511 2266 790 2320 accurata
849 2259 912 2317 in
968 2258 1318 2318 definiendis
1378 2259 1799 2317 monachorum
1861 2258 2166 2316 laboribus
2227 2256 2447 2315 nedum
2506 2256 2570 2313 in
2629 2275 2774 2314 000-

510 2349 828 2409 stituendis
872 2350 1143 2406 laborum
1187 2348 1365 2406 horis.

692 2438 826 2511 Qua
880 2437 953 2495 de
1011 2457 1187 2495 00030
1241 2437 1455 2495 mirum
1513 2456 1632 2494 000
1691 2443 1806 2508 est,
1869 2436 2030 2513 quod
2085 2435 2409 2493 Columbae
2464 2433 2676 2509 regula
2739 2453 2778 2496 a

412 2518 416 2521 ’
512 2526 608 2586 Sti
653 2525 969 2585 Benedicti
1013 2527 1220 2603 regula
1266 2526 1480 2585 sensim
1526 2525 1956 2602 paullatimque
2002 2529 2298 2582 summota
2346 2529 2454 2582 est.
2477 2522 2504 2557 ²
2576 2520 2778 2597 Cujus

511 2615 599 2675 rei
641 2614 1092 2692 locupletissimi
1137 2621 1321 2673 testes
1366 2621 1508 2673 sunt
1552 2614 1810 2692 plurima
1853 2614 1959 2671 illa
2005 2612 2387 2684 monasteria,
2436 2612 2499 2669 in
2548 2611 2782 2688 quibus

503 2704 672 2763 -haud
725 2704 812 2762 ita
865 2705 1054 2762 multo
1111 2710 1249 2781 post
1293 2703 1620 2762 Columbae
1676 2707 1925 2760 mortem
1984 2721 2116 2759 cum
2171 2701 2498 2760 Columbae
2558 2701 2781 2777 regula

512 2797 828 2869 conjuncta
883 2798 975 2850 est
1031 2792 1126 2851 Sti
1180 2791 1492 2851 Benedicti
1550 2793 1774 2868 regula.
1866 2790 2052 2866 Cujus
2113 2788 2549 2864 conjunctionis
2615 2808 2781 2867 quae

514 2883 697 2941 fuerit
742 2881 915 2953 ratic,
964 2902 1036 2939 ex
1066 2881 1294 2941 Donati
1324 2881 1533 2957 regula
1556 2900 1914 2957 vcognoscere
1961 2880 2118 2951 licet,
2163 2879 2227 2936 in
2272 2899 2391 2954 (100
2438 2898 2780 2956 poenarum

510 2990 731 3048 genera
763 2976 824 3029 et
855 2971 1142 3030 severitas
1174 2975 1355 3046 atque
1403 2988 1631 3028 morum
1679 2968 1948 3027 nonnulli
1994 2974 2334 3043 congruunt
2377 2986 2510 3028 cum
2556 2967 2779 3044 regula

499 3058 864 3131 Columbae,
912 3059 1165 3128 interior
1210 3063 1409 3116 autem
1455 3058 1619 3117 vitae
1664 3058 2062 3117 instituendae
2108 3076 2318 3114 norma
2362 3056 2628 3133 repetita
2676 3063 2777 3114 est

512 3170 584 3208 ex
615 3150 823 3225 regula
854 3147 949 3207 Sti
980 3147 1319 3218 Benedicti;
1365 3153 1425 3205 et
1472 3167 1652 3223 quam
1698 3148 1907 3206 crebra
1952 3146 2176 3205 fuerint
2219 3146 2365 3204 haec
2403 3135 2781 3204 monasteria

506 3237 828 3297 'secundum
880 3234 1147 3317 reyulam
1201 3232 1316 3295 SS.
1372 3233 1685 3296 Benedicti
1735 3244 1789 3295 et
1846 3230 2197 3295 Columbam‘
2251 3234 2558 3307 instituta,
2630 3254 2776 3311 per-

509 3327 732 3384 multae
778 3346 931 3401 quae
976 3330 1217 3385 exstant
1261 3326 1501 3384 tabulae
1558 3330 1859 3384 testantur
1913 3326 2010 3400 (cf.
2057 3324 2334 3400 Loening
2377 3322 2476 3395 11,
2521 3343 2583 3401 p.
2632 3322 2773 3380 442

501 3411 634 3473 not.
684 3415 766 3489 2).
858 3414 933 3471 In
982 3413 1112 3490 ipso
1161 3416 1519 3473 monasterio
1566 3413 1932 3473 Luxoviensi
1978 3417 2104 3489 jam
2150 3413 2325 3472 intra·
2357 3432 2580 3470 annum
2630 3411 2765 3469 631

510 3505 718 3581 regula
766 3502 860 3561 Sti
904 3502 1220 3562 Benedicti
1268 3522 1398 3561 cum
1431 3504 1754 3563 Columbae
1801 3503 2006 3579 regula
2053 3506 2369 3578 conjuncta
2416 3520 2543 3560 0330
2590 3500 2765 3559 vide·

503 3601 610 3653 tur
656 3592 956 3669 (Loening
999 3590 1086 3663 II,
1133 3612 1189 3668 p.
1239 3592 1395 3663 4413
1441 3584 1930 3664 Montalembert,
1976 3593 2063 3649 les
2109 3591 2332 3648 moines
2380 3588 2622 3648 d'occid.
2672 3588 2766 3662 II,

511 3703 566 3759 p.
618 3681 770 3755 572)
819 3701 1010 3757 neque
1055 3679 1197 3738 alibi
1246 3680 1505 3755 (Hertel,
1554 3702 1611 3756 p.
1648 3680 1802 3756 453)
1850 3682 2057 3756 regula
2088 3678 2412 3738 Columbae
2457 3679 2576 3737 nisi
2621 3698 2768 3736 con-

505 3774 716 3847 juncta
762 3790 893 3829 cum
926 3769 1019 3829 Sti
1050 3767 1365 3826 Benedicti
1410 3769 1665 3847 amplius
1712 3769 1953 3828 videtur
1997 3768 2272 3845 viguisse,
2319 3788 2459 3826 nam
2505 3773 2768 3825 exeunte

511 3879 661 3919 saec.
708 3858 837 3918 VII
885 3858 1065 3917 etiam
1125 3858 1187 3914 in
1241 3856 1613 3933 BurgundiS,
1675 3879 1712 3916 a
1757 3857 1972 3933 quibus
2031 3858 2301 3934 profecta
2362 3862 2491 3915 erat
2550 3855 2770 3932 regula

512 3945 853 4018 Columbae,
900 3945 996 4006 Sti
1040 3945 1352 4004 Benedicti
1397 3948 1606 4024 regula
1650 3946 1992 4024 percrebuit
2036 3946 2334 4022 (Loening
2364 3944 2449 4019 II,
2490 3966 2548 4022 p.
2583 3945 2768 4020 442).

697 4175 717 4205 ²
757 4172 915 4242 Quae
954 4171 1243 4226 Ebrardus
1282 4174 1362 4242 (p.
1392 4172 1496 4225 365
1524 4171 1670 4240 sqq.)
1710 4172 1780 4224 de
1820 4188 2046 4241 opressa
2072 4171 2270 4241 regula
2298 4169 2608 4225 Columbae
2645 4169 2760 4223 sibi

511 4245 688 4310 finxit,
729 4246 901 4314 digna
938 4261 1051 4299 non
1087 4247 1245 4309 sunt,
1287 4259 1429 4311 quae
1467 4241 1725 4309 pluribus
1764 4242 2077 4307 diluantur,
2115 4250 2179 4294 ut
2216 4245 2414 4310 sponte
2455 4241 2766 4310 apparebit

495 4335 584 4372 ’οκ
621 4317 708 4383 iis,
749 4334 892 4385 quae
931 4317 1232 4384 proferam'.

2988 2883 2999 3014 l

2988 3079 2999 3132 l

2944 1003 2997 2850 2
