3025 4909
1460 200 1899 258 -86-.-

566 379 903 458 Anglorum
947 377 1268 456 provinciis
1313 384 1775 455 consequeretur
1818 376 2261 451 auctoritatem,
2317 382 2387 436 ut
2430 374 2686 435 habitis
2717 393 2856 448 ,syz-

563 469 750 541 nodis,
798 467 1002 527 divisis
1047 466 1345 546 parochiis
1390 471 1453 526 et
1496 467 1834 527 constitutis
1863 466 2134 545 pluribus
2164 466 2607 545 episcopalibus
2669 461 2852 526 sedi-.-

566 560 679 617 bus
725 556 813 616 ita
858 557 1163 617 ordinaret
1207 556 1486 616 ecclesiae
1532 561 1771 629 statum,
1815 561 1886 616 ut
1927 576 2065 614 mox
2109 554 2173 614 in
2217 576 2400 620 unum
2446 572 2690 631 corpus
2745 572 2849 610 re-

564 648 739 705 dacta
785 665 909 705 esse
937 646 1258 705 videretur.
1317 644 1403 704 Et
1446 649 1681 705 tantum
1725 646 1953 717 aberat,
1996 650 2083 718 ut,
2129 664 2280 722 quae
2326 644 2410 703 sic
2454 645 2630 702 facta
2671 647 2846 714 erat,

565 734 877 794 concordia
908 734 1204 795 amicitiae
1233 732 1591 794 lentitudine
1630 741 1692 794 et
1735 734 1957 811 frigore
2001 734 2279 793 turbatae
2323 732 2580 811 speciem
2638 750 2844 809 prae·

562 825 758 897 beret,
819 830 888 884 ut
942 823 1082 883 novi
1138 823 1229 882 illi
1271 823 1678 883 Romanorum
1736 822 1910 881 amici
1964 823 2158 882 crebri
2201 821 2454 899 ingressi
2508 822 2699 881 viam
2755 818 2841 878 ad

561 914 624 971 id
645 919 881 990 tempus
914 910 1239 972 inattn'tam
1267 909 1426 992 ρειαί
1445 907 1780 992 Anylomm
1800 910 2030 989 (Steph.
2060 911 2292 972 Eddius
2314 911 2420 971 vit.
2443 910 2664 972 Wilfr.
2695 908 2840 982 ΠΙ,

560 1002 719 1061 Mab.
749 1002 862 1074 IV,
914 1002 968 1058 1.
1014 1023 1072 1079 p.
1107 1003 1263 1078 677)
1308 1001 1499 1079 ipsam
1543 1001 1797 1060 Romam
1843 1000 2075 1077 saepius
2120 1000 2374 1059 adirent.
2432 1000 2573 1077 Ipse
2609 998 2840 1060 Osviu.

561 1110 667 1149 rex
711 1091 877 1148 nulla
922 1109 987 1147 re
1034 1089 1149 1149 nisi
1195 1096 1386 1149 morte
1431 1089 1753 1168 impeditus
1800 1092 1908 1162 cst,
1954 1088 2267 1166 quominus
2311 1089 2565 1148 Romam
2616 1088 2833 1166 profi-

562 1179 880 1238 cisceretur
925 1178 1117 1254 (Beda
1159 1179 1216 1237 h.
1251 1200 1313 1237 .e.
1363 1179 1422 1252 4,
1480 1178 1539 1251 5,
1595 1179 1632 1255 ἓ
1680 1179 1850 1254 267),
1913 1177 2235 1237 Caedvalla
2291 1182 2518 1250 autem,
2580 1177 2832 1235 Orien·-

560 1267 769 1327 talium
815 1267 1116 1330 Saxonum
1160 1288 1266 1327 rex
1311 1268 1392 1343 (h.
1441 1288 1489 1325 e.
1537 1267 1597 1341 5,
1647 1270 1703 1340 7,
1752 1267 1787 1344 ἓ
1838 1267 1993 1344 372)
2039 1287 2196 1325 anno
2244 1267 2398 1339 688,
2446 1266 2828 1338 coint-edus,

559 1356 916 1417 Merciorum
947 1377 1071 1428 rex,
1117 1364 1180 1416 et
1210 1356 1362 1430 Offa,
1406 1355 1563 1416 filius
1595 1355 1831 1432 Sigheri
1876 1356 2035 1433 regis
2066 1355 2459 1414 Orientalium
2491 1355 2828 1415 Saxonum

561 1446 645 1520 (h.
692 1467 739 1504 e.
789 1446 847 1519 5,
899 1447 997 1518 19,
1054 1446 1090 1523 ξ
1138 1446 1312 1522 412),
1359 1465 1515 1503 anno
1571 1447 1717 1518 709,
1775 1443 1902 1517 Ini,
1962 1443 2430 1504 Occidentalium
2491 1444 2824 1504 Saxonum

463 1577 467 1582 -
560 1555 667 1593 rex
714 1535 798 1608 (h.
846 1555 894 1593 e.
945 1534 1001 1606 5,
1051 1535 1108 1607 2,
1155 1535 1190 1612 ξ
1241 1535 1395 1611 373)
1439 1554 1596 1593 anno
1645 1533 1771 1592 725
1818 1533 2072 1592 Romam
2117 1539 2531 1611 pervenerunt.

737 1622 1052 1681 Acerrima
1073 1622 1263 1700 igitur
1286 1622 1690 1682 controversia
1724 1622 1883 1681 inter
1903 1622 2189 1682 Britones
2212 1629 2274 1681 et
2295 1619 2545 1699 Anglos,
2569 1623 2820 1701 quippe

562 1711 666 1789 qui
710 1711 846 1771 odio
891 1711 1104 1789 gentili
1135 1717 1332 1774 essent
1362 1712 1640 1789 separati,
1686 1711 1984 1771 levissima
2029 1718 2091 1771 et
2136 1711 2304 1770 brevi
2348 1712 2684 1789 composita
2720 1731 2815 1783 ea,

561 1821 712 1878 quae
757 1801 831 1859 de
875 1800 1196 1861 levioribus
1240 1802 1416 1860 rebus
1458 1800 1621 1859 inter
1664 1800 1899 1877 Anglos
1946 1805 2009 1860 et
2047 1799 2257 1859 Scotos
2302 1806 2436 1859 orta
2480 1806 2613 1859 erat
2661 1820 2816 1860 con-

559 1890 867 1950 troversia.

735 1979 828 2038 At
871 1979 1033 2038 dicat
1075 1980 1328 2040 fortasse
1376 1978 1672 2056 quispiam
1715 1997 2051 2056 repugnare
2095 1977 2232 2037 huic
2272 1984 2511 2037 nostrae
2557 1983 2813 2038 senten-

557 2067 678 2125 tiae
724 2067 993 2125 Wilfridi
1057 2068 1453 2127 Eboracensis
1512 2066 1845 2137 historiam,
1908 2072 2118 2145 utpote
2179 2087 2298 2143 qua
2355 2067 2809 2126 demonstretur

560 2154 740 2215 etiam
799 2156 960 2215 inter
1019 2155 1228 2216 Scotos
1288 2161 1350 2215 et
1393 2156 1629 2232 Anglos
1687 2155 2265 2215 vehementissimam
2328 2162 2390 2214 et
2448 2156 2807 2214 acerrimam

560 2243 741 2305 fuisse
788 2246 1267 2305 controversiam.
1328 2245 1468 2323 Ipse
1500 2244 1762 2305 Varinus
1808 2245 2011 2323 (mem.
2050 2245 2105 2316 1,
2129 2266 2193 2346 p.
2228 2245 2355 2303 212
2390 2247 2545 2321 sqq.)
2574 2246 2801 2303 multas

558 2333 691 2393 illas
736 2334 1091 2407 inimicitias,
1140 2354 1287 2411 quas
1332 2334 1665 2403 wilfridus,
1710 2331 1813 2413 qui
1858 2330 2093 2413 pm‘mus
2136 2331 2284 2393 inter
2326 2330 2648 2412 episcopm,
2697 2330 2806 2414 φά

559 2421 632 2482 de
689 2418 1026 2501 Anylorum
1082 2430 1247 2502 yeme
1305 2431 1517 2492 essent,
1581 2419 1925 2483 catholicum
1979 2420 2216 2482 vivendi
2266 2441 2491 2482 morem
2549 2418 2800 2481 ecclesiis

556 2506 894 2591 Anylorum
938 2510 1171 2571 tradere
1215 2509 1419 2571 didicit
1462 2510 1659 2586 (Beda
1703 2512 1759 2570 h.
1806 2531 1855 2568 e.
1903 2512 1963 2583 4,
2011 2513 2069 2584 2,
2114 2513 2150 2589 g
2185 2510 2358 2588 257),
2406 2512 2607 2591 paullo
2653 2515 2800 2588 post

558 2600 848 2675 synodum
895 2599 1036 2660 anni
1085 2600 1212 2658 664
1256 2600 1544 2678 suscepit,
1606 2600 1901 2677 profectas
1948 2619 2074 2658 esse
2119 2599 2348 2659 censuit
2394 2621 2429 2657 a
2475 2598 2795 2658 Scotorum

556 2688 620 2748 in
650 2688 952 2748 Romanos
998 2688 1152 2747 odio.
1215 2688 1348 2761 Qua
1394 2689 1466 2747 de
1514 2708 1691 2747 causa
1735 2689 1927 2747 facere
1974 2708 2094 2746 non
2123 2708 2378 2765 possum,
2426 2689 2571 2764 quin
2600 2701 2797 2765 pau‘ca

556 2778 630 2837 de
674 2778 779 2837 illa
821 2798 885 2835 re
932 2777 1236 2837 disseram.

735 2864 1048 2924 Wilfridus
1078 2865 1279 2942 igitur,
1311 2865 1554 2924 natione
1575 2863 1918 2942 Anglus-de
1939 2871 2115 2942 gente
2137 2867 2196 2927 N
2197 2865 2795 2941 ordanhymbrorum,

557 2955 621 3011 in
681 2954 1055 3013 monasteriis
1113 2954 1344 3031 patriae
1405 2974 1547 3013 suae
1608 2954 1874 3016 eruditus
1934 2961 2087 3027 erat,
2146 2955 2251 3014 sed
2313 2955 2376 3012 in
2422 2953 2668 3026 Cantia,
2730 2954 2798 3014 in

561 3041 762 3102 Gallia
808 3048 869 3101 et
912 3043 1044 3121 ipsa
1086 3044 1299 3115 Roma,
1348 3062 1525 3119 quam
1570 3042 1916 3120 peregrinus
1961 3042 2193 3102 adierat
2206 3087 2220 3115 ,
2265 3044 2339 3102 de
2384 3042 2797 3103 Romanorum

555 3131 818 3191 moribus
866 3133 1107 3191 edoctus
1153 3131 1465 3191 Scotorum
1508 3131 1774 3191 moribus
1819 3131 2087 3192 meliores
2134 3151 2258 3191 esse
2304 3132 2434 3190 illos
2480 3132 2628 3190 adeo
2677 3132 2796 3192 sibi

554 3228 955 3299 persuaserat,
1013 3228 1085 3281 ut
1142 3239 1414 3281 reversus
1474 3218 1537 3278 in
1592 3220 1850 3297 patriam
1909 3221 2068 3279 inter
2115 3220 2343 3297 ⁴primos
2389 3240 2522 3279 cum
2567 3220 2792 3298 ubique

556 3315 683 3368 tum
729 3310 792 3368 in
838 3310 1062 3385 synodo
1108 3309 1251 3368 anni
1285 3308 1413 3366 664
1443 3307 1744 3369 Romanos
1775 3308 2168 3369 admiratione
2200 3310 2525 3368 celebraret
2554 3308 2793 3388 (Steph.

554 3397 709 3455 Edd.
742 3398 847 3456 vit.
871 3398 1068 3456 Wilfr.
1100 3396 1315 3468 I—X;
1347 3395 1514 3456 Beda
1545 3396 1601 3453 h.
1633 3416 1683 3455 e.
1718 3398 1776 3471 3,
1809 3398 1955 3470 227,
1988 3400 2059 3458 cf.
2091 3398 2330 3475 Bright,
2361 3420 2419 3476 p.
2457 3399 2577 3456 187
2615 3401 2792 3476 sqq.).

555 3486 709 3545 Eam
753 3486 944 3564 ipsam
990 3486 1067 3544 ob
1116 3505 1349 3545 causam
1397 3485 1606 3545 habita
1652 3487 1874 3562 synodo
1922 3488 2143 3547 electus
2190 3492 2295 3560 est,
2344 3486 2448 3563 qui
2478 3487 2790 3565 episcopus

553 3574 949 3634 Eboracensis
1007 3572 1196 3634 fieret.
1301 3573 1419 3633 Sed
1480 3593 1612 3632 cum
1666 3575 1735 3631 -in
1794 3574 1994 3634 Gallia
2009 3620 2023 3649 ,
2096 3594 2272 3652 quam
2333 3576 2787 3636 consecrationis

555 3683 733 3722 causa
775 3662 1059 3740 petierat,
1105 3663 1328 3722 diutius
1373 3668 1731 3737 moraretur,
1776 3685 1882 3722 rex
1927 3664 2114 3723 Osviu
2158 3661 2505 3723 consentiens
2548 3661 2647 3735 iis,
2688 3662 2791 3743 qui

555 3750 1163 3833 quarta-decimmm
1212 3759 1452 3831 partem
1505 3760 1708 3812 contra
1759 3750 1913 3813 sedis
1966 3748 2315 3830 apostolieae
2364 3749 2630 3833 requlam
2680 3750 2789 3812 sibi

558 3837 836 3920 eliyerum
889 3840 1068 3918 (Edd.
1123 3840 1228 3899 vit.
1276 3839 1475 3898 Wilfr.
1521 3839 1699 3913 XIV,
1745 3863 1803 3919 p.
1854 3840 2007 3917 685)
2063 3861 2218 3899 anno
2280 3843 2405 3899 666
2470 3840 2784 3914 ceaddam,

558 3927 750 3989 Ceddi
810 3929 1139 4006 supradicti
1198 3930 1470 4000 fratrem,
1532 3929 1595 3986 in
1643 3928 1920 3988 Cantiam
1984 3929 2146 3988 misit
2205 3931 2666 3991 consecrandum
2724 3930 2785 3989 in

555 4019 748 4080 locum
808 4017 1071 4077 absentis
1116 4017 1385 4076 Wilfridi
1430 4017 1624 4093 (Beda
1666 4017 1724 4073 h.
1772 4038 1822 4076 e.
1872 4018 1938 4089 3,
2001 4018 2111 4090 28,
2157 4020 2196 4095 ἓ
2241 4018 2386 4091 243,
2449 4020 2521 4077 cf.
2568 4018 2784 4096 Bright

556 4109 680 4165 211
734 4109 865 4183 sq.).
934 4106 1158 4184 Negari
1203 4105 1398 4182 igitur.
1432 4126 1555 4164 non
1600 4111 1800 4183 potest
1849 4106 2189 4166 wilfridum
2236 4107 2363 4164 loco
2411 4127 2515 4165 suo
2539 4114 2783 4168 ‘motum

556 4215 682 4255 esse
744 4215 862 4254 non
925 4196 1053 4256 sine
1113 4214 1293 4272 opera
1353 4215 1554 4253 eorum
1571 4238 1585 4267 ,
1659 4195 1763 4271 qui
1819 4194 2224 4255 Romanorum
2282 4195 2477 4254 minus
2538 4196 2784 4257 studiosi

557 4289 747 4358 erant,
796 4304 972 4361 quam
1008 4285 1178 4362 ipse.
1229 4282 1451 4342 Tamen
1483 4283 1629 4342 haec
1674 4284 1873 4342 omnia
1920 4303 2051 4342 cum
2084 4284 2480 4344 controversia
2524 4286 2784 4363 paschali
