3025 4909
1159 206 1594 264 -23-

261 384 460 460 (Beda
503 384 560 442 h.
602 405 650 442 e.
689 387 742 459 1,
776 387 857 443 27
892 387 927 463 ξ
963 383 1087 461 65).
1178 384 1386 461 Neque
1430 385 1704 462 ignorare
1750 384 1948 462 potuit
1994 383 2316 463 Gregorius
2362 386 2500 452 Bri-

259 479 433 533 tones
496 494 797 551 nunquam
842 474 1006 551 genti
1055 472 1355 533 Saxonum
1404 494 1535 532 cum
1590 473 1737 551 ipsis
1789 474 2163 534 Britanniam
2219 476 2504 536 incolenti

260 565 514 623 verbum
557 562 695 622 fidei
739 564 1136 642 praedicando
1193 563 1549 623 commisisse
1610 563 1801 639 (Beda
1846 563 1903 625 h.
1951 585 1997 622 e.
2052 565 2104 638 1,
2154 566 2235 623 22
2286 566 2321 642 ἓ
2374 566 2499 644 50).

442 653 619 711 Hanc
662 654 854 732 ipsam
901 654 976 712 ob
1025 674 1259 712 causam
1306 651 1712 729 Augustinum
1757 648 2052 733 adjutorio
2095 674 2269 714 usum
2298 651 2498 716 Aedil-

258 741 440 803 bereti
471 738 929 802 Camunnorum
972 740 1123 823 reqis
1169 761 1503 802 convocasse
1547 741 1631 801 ad
1675 739 2028 824 colloquium
2056 742 2355 825 episcopos
2389 743 2502 805 sive

259 831 524 892 doctores
579 830 898 911 proximae
955 828 1277 892 Britonum
1329 829 1673 913 provinciae
1735 832 1907 892 testis
1968 839 2057 892 est
2111 832 2278 891 Beda
2324 834 2404 910 (h.
2453 856 2499 892 e.

263 924 325 995 2,
374 924 412 978 2
464 922 498 999 ἓ
550 923 659 998 91)
705 921 873 999 isque
919 921 1032 980 fide
1079 921 1311 998 dignus
1402 920 1584 995 Nam,
1633 921 1682 980 si
1728 922 1902 998 longe
1948 921 2083 981 aliis
2125 924 2301 982 rebus
2349 943 2499 982 com·

260 1018 459 1071 motus
506 1015 661 1070 esset
704 1010 1107 1088 Augustinus,
1154 1017 1221 1070 ut
1267 1017 1472 1088 ageret
1518 1031 1650 1070 cum
1695 1011 2073 1084 Britonibus,
2120 1018 2318 1071 tamen
2363 1033 2499 1090 pru-

261 1100 459 1160 dentis
504 1100 712 1160 fuisset
756 1101 819 1159 in
867 1101 1155 1176 colloquio
1204 1100 1340 1159 inde
1385 1120 1711 1160 sermonem
1753 1101 1983 1173 ducere,
2029 1101 2189 1178 quod
2221 1101 2502 1162 Britones

259 1191 328 1248 in
375 1190 784 1249 convertendis
830 1190 904 1249 ad
953 1190 1333 1249 christianam
1379 1189 1553 1249 fidem
1585 1188 1918 1250 Saxonibus
1965 1191 2223 1250 nondum
2269 1193 2500 1251 labora·

261 1280 506 1353 vissent,
555 1284 734 1355 atque
782 1280 1027 1339 eandem
1072 1280 1192 1339 vim
1238 1280 1461 1339 habent
1504 1280 1705 1354 verba,
1754 1300 1905 1356 quae
1937 1280 2215 1340 Britones
2261 1300 2498 1359 respon·

261 1370 507 1443 derunt,
570 1368 693 1428 sive
740 1369 968 1428 sincera
1013 1369 1130 1428 fuit
1176 1369 1300 1429 sive
1346 1369 1623 1428 simulata
1668 1368 1997 1446 Augustini
2040 1390 2148 1447 pro
2194 1369 2501 1448 evangelio

261 1457 493 1518 Christi
549 1478 707 1517 cura.
795 1459 1129 1519 Noluerunt
1184 1459 1335 1517 enim
1400 1479 1519 1517 una
1583 1478 1713 1517 cum
1769 1458 2111 1536 Augustino
2168 1457 2502 1520 Saxonibus

261 1549 515 1609 verbum
560 1548 803 1607 Domini
848 1548 1194 1628 praedicare
1241 1548 1433 1624 (Beda
1462 1549 1519 1606 h.
1552 1569 1599 1606 e.
1636 1549 1693 1621 2,
1728 1550 1764 1606 2
1800 1550 1835 1626 ξ
1873 1550 1997 1625 93).
2061 1549 2192 1622 Qua
2223 1549 2296 1609 de
2328 1570 2504 1609 causa

261 1637 620 1698 noluerunt?
688 1637 934 1697 Famam
979 1638 1292 1717 perhibere
1324 1637 1601 1697 Britones
1646 1638 1927 1716 superbia
1958 1638 2287 1715 Augustini
2317 1639 2502 1699 iratos

264 1748 392 1788 esse
440 1727 630 1803 (Beda
661 1727 717 1786 h.
752 1749 799 1786 e.
835 1729 892 1801 2,
928 1729 964 1786 2
999 1729 1034 1806 ξ
1069 1728 1178 1804 93)
1225 1748 1396 1786 nemo
1443 1733 1551 1800 est,
1599 1727 1701 1804 qui
1745 1728 1987 1787 nesciat.
2064 1727 2182 1787 Sed
2229 1728 2279 1787 si
2323 1748 2498 1806 pone·

261 1837 462 1876 remus
491 1837 700 1876 revera
732 1817 929 1877 omnia
960 1817 1047 1875 ita
1079 1837 1205 1876 esse
1252 1822 1401 1890 acta,
1447 1822 1518 1877 ut
1560 1818 1720 1875 fama
1764 1817 2057 1896 perhibet,
2103 1818 2324 1876 nemini
2368 1838 2498 1895 per·

265 1906 616 1966 suaderetur
674 1927 910 1966 causam
964 1907 1253 1966 renuendi
1299 1928 1334 1967 a
1380 1906 1658 1983 superbia
1711 1907 1816 1965 illa
1860 1906 2177 1984 repetitam
2222 1928 2257 1966 a
2304 1907 2499 1967 Brito-

265 1996 442 2055 nibus
484 1995 900 2074 interpositam
947 2017 1066 2055 non
1113 2017 1254 2056 esse.
1347 1996 1513 2069 Quae
1560 1996 1798 2054 tandem
1848 2002 1977 2056 erat
2022 1996 2236 2056 causa?

448 2085 594 2144 Tria
664 2106 795 2144 cum
866 2084 1240 2163 Augustinus
1309 2086 1585 2145 tradatur
1652 2086 1977 2163 postalasse
2039 2107 2074 2144 a
2132 2085 2500 2161 Britonibus,

264 2175 547 2254 primum,
593 2182 658 2235 ut
697 2172 919 2255 pascha
963 2195 1069 2234 suo
1114 2183 1368 2255 tempore
1412 2170 1783 2250 celebrarent,
1839 2181 1968 2234 tum
2012 2183 2078 2233 ut
2121 2173 2502 2235 nani-sterium

265 2263 609 2344 baptizandi
635 2260 816 2346 juata
859 2284 1082 2325 morem
1127 2273 1356 2325 sanetae
1402 2260 1712 2324 Romanae
1756 2272 1808 2324 et
1851 2262 2197 2344 apostolieae
2240 2261 2502 2326 eeclesiae

266 2350 640 2435 complerent,
705 2354 959 2431 denique
1014 2362 1076 2413 ut
1124 2353 1282 2435 qemi
1331 2349 1669 2435 Anylorum
1721 2372 1840 2412 una
1895 2373 2029 2412 eum
2079 2352 2223 2436 ipsas
2266 2351 2502 2413 verbam

266 2439 520 2504 Domini
534 2442 953 2524 praedicarent
984 2443 1177 2519 (Beda
1208 2445 1245 2501 l.
1277 2445 1367 2520 c.)‚
1415 2442 1648 2503 exsistit
1678 2443 1965 2519 quaestio,
1994 2449 2195 2503 utrum
2220 2444 2500 2504 Britones

267 2533 512 2593 tertium
557 2534 706 2593 illud
765 2533 1096 2608 renuerint,
1159 2533 1299 2610 quia
1352 2533 1553 2610 priora
1606 2533 1799 2592 facere
1845 2534 2189 2607 noluerunt,
2250 2555 2327 2593 an
2374 2534 2498 2594 vice

265 2642 436 2682 versa
479 2622 625 2682 haec
670 2623 787 2682 duo
834 2624 1156 2696 renuerint,
1205 2622 1344 2700 quia
1389 2622 1538 2681 illud
1581 2621 2061 2701 repudiaverunt.

448 2711 580 2772 Aut
623 2713 733 2771 hoc
780 2719 886 2772 aut
930 2712 1077 2772 illud
1122 2712 1536 2772 affirmandum
1581 2719 1686 2772 est.
1778 2711 1835 2770 Ii
1882 2713 2063 2786 enim,
2109 2713 2212 2790 qui
2257 2712 2499 2772 tertium

269 2801 510 2879 aliquod
555 2802 670 2861 sibi
715 2801 948 2879 fingunt
994 2803 1357 2863 affirmantes
1403 2801 1682 2861 Britones
1739 2801 1957 2880 quippe
2010 2802 2227 2861 liberos
2279 2801 2498 2880 princi-

267 2898 415 2970 patu
444 2891 702 2952 Romani
742 2891 1042 2969 pontificis
1074 2892 1337 2951 noluisse
1377 2912 1439 2951 se
1484 2891 1777 2966 subjicere
1805 2892 2211 2951 Romanorum
2242 2891 2500 2952 dominio

276 3016 347 3023 —
401 2982 497 3040 vel
543 2981 762 3059 quippe
817 3001 1029 3060 puram
1087 2982 1377 3059 evangelii
1431 2981 1761 3040 doctrinam
1818 2981 2103 3041 habentes
2158 2981 2500 3061 repudiasse

269 3072 732 3130 communionem
765 3092 898 3129 cuin
930 3071 1174 3131 ecclesia
1205 3071 1512 3144 catholica,
1543 3071 1919 3131 vehementer
1949 3078 2163 3130 errant.
2226 3070 2502 3131 Alteram

268 3161 431 3220 illam
482 3162 693 3221 falsam
747 3161 1084 3240 opinionem
1142 3161 1375 3235 omitt0,
1445 3181 1582 3218 nam
1638 3160 1954 3220 Britonum
2019 3160 2323 3221 ecclesiam
2385 3159 2500 3220 fide

269 3270 640 3326 nequaquam
700 3250 1044 3310 dissensisse
1107 3252 1182 3309 ab
1242 3250 1475 3309 unitate
1537 3248 1852 3322 catholica,
1922 3249 2068 3309 satis
2115 3271 2146 3309 e
2203 3249 2501 3328 prioribus

269 3347 521 3419 apparet
588 3360 778 3417 neque
841 3360 990 3418 opus
1058 3345 1150 3399 est
1210 3340 1488 3417 colligere
1549 3339 1887 3399 testimonia
1947 3360 2019 3397 ex
2078 3339 2266 3418 ipsius
2324 3340 2500 3417 hujus

266 3430 482 3489 tertiae
529 3430 743 3489 aetatis
790 3430 1193 3507 scriptoribus.
1270 3429 1448 3488 Prior
1491 3434 1692 3487 autem
1737 3429 1838 3488 illa
1883 3429 2181 3489 sententia
2226 3429 2402 3489 claris
2433 3451 2501 3489 ac

269 3519 461 3599 planis
508 3518 862 3579 testimoniis
908 3518 1012 3579 vix
1055 3520 1308 3578 refutari
1352 3523 1581 3598 potest,
1648 3539 1753 3577 nec
1814 3525 2011 3579 tamen
2071 3519 2315 3579 dubium
2378 3540 2501 3578 esse

268 3614 491 3686 potest,
552 3609 693 3685 quin
748 3610 899 3668 falsa
955 3608 1058 3682 sit,
1123 3628 1462 3685 quanquam
1515 3607 1643 3685 ipse
1691 3608 2035 3669 Warrenius
2082 3609 2165 3686 (p.
2213 3610 2295 3666 29
2342 3610 2501 3686 sqq.)

268 3698 405 3756 huic
460 3697 788 3758 sententiae
842 3699 1081 3758 videtur
1132 3700 1352 3758 favere.
1442 3696 1820 3775 Argumenta
1883 3698 2037 3756 enim
2097 3718 2215 3757 non
2271 3698 2501 3758 desunt.

268 3788 420 3848 Nam
451 3787 677 3866 primae
710 3788 922 3847 aetatis
951 3786 1269 3848 Britonum
1301 3788 1605 3847 ecclesiam
1636 3787 1769 3866 pari
1809 3788 1980 3846 modo
2026 3793 2206 3865 atque
2252 3786 2501 3847 aliarum

270 3877 708 3955 provinciarum
741 3878 1013 3937 ecclesias
1035 3878 1342 3937 Romanae
1375 3876 1650 3936 ecclesiae
1683 3877 1955 3956 episcopo
2002 3877 2224 3956 primas
2270 3877 2500 3937 dedisse

267 3965 640 4026 manifestum
710 3972 815 4026 est.
921 3966 1023 4026 An
1085 3970 1221 4043 jure
1277 3966 1629 4027 Warrenius
1698 3968 1778 4044 (p.
1846 3967 1928 4024 30
1989 3970 2172 4044 sqq.)‚
2243 3965 2502 4026 Schoelii

267 4056 497 4116 nescius
550 4056 804 4133 vestigia
863 4062 1096 4117 secutus
1157 4056 1332 4116 fidem
1394 4055 1711 4133 abrogavit
1762 4055 2057 4134 Prospero
2115 4055 2501 4134 AquitanicO,

271 4145 375 4222 qui
414 4179 489 4187 —
524 4152 760 4224 praeter
803 4147 995 4204 locum
1040 4146 1205 4205 illum
1253 4167 1325 4205 ex
1357 4146 1666 4204 annalibus
1699 4144 2011 4205 Cambriae
2043 4166 2225 4224 supra
2254 4147 2499 4204 allatum

266 4236 352 4313 (p.
405 4235 513 4311 12)
560 4240 620 4294 et
664 4242 904 4314 praeter
948 4234 1200 4308 Bedam‚
1263 4235 1366 4313 qui
1421 4235 1492 4294 de
1556 4235 1827 4295 civilibus
1871 4236 2047 4295 rebus
2092 4236 2331 4295 ineunte
2377 4254 2500 4294 sae-

267 4325 397 4383 culo
460 4324 668 4402 quinto
732 4345 863 4384 cum
924 4324 1212 4384 Romanis
1268 4323 1621 4384 Britonibus
1690 4324 1994 4400 negotium
2063 4325 2242 4383 fuisse
2317 4325 2501 4383 refert
