3025 4909
1424 174 1810 231 -8—

504 361 565 414 et
609 354 797 414 firmis
843 352 1178 431 aequalium
1225 352 1462 411 illorum
1507 359 1841 431 temporum
1902 354 2256 412 testimoniis
2307 353 2401 413 usi
2450 350 2768 431 quaestio·

504 464 637 503 nem
685 449 948 502 nostram
995 462 1275 501 conemur
1319 441 1656 502 dissolvere.
1748 442 1884 516 Qua
1928 441 1992 500 in
2036 463 2101 501 re
2145 449 2479 521 temporum
2538 441 2770 501 seriem

505 534 820 592 observare
864 531 1079 603 malui,
1151 552 1329 608 quam
1376 532 1743 590 accumulare
1797 530 1861 589 in
1905 551 2089 590 unum
2133 533 2327 592 locum
2372 551 2468 590 res
2515 529 2770 590 easdem

504 622 638 681 illas
688 621 924 699 quidem
972 640 1079 679 sua
1123 619 1387 697 ipsarum
1432 625 1650 679 natura
1710 620 1813 679 sed
1857 619 2122 680 diverass
2168 627 2228 680 et
2273 619 2650 698 temporibus
2697 623 2773 677 et

505 710 667 770 locis.
729 710 863 768 Hac
909 710 1041 788 ipsa
1087 709 1160 767 de
1208 729 1383 768 causa
1430 714 1490 767 et
1523 708 1680 787 quia,
1726 715 1797 768 ut
1840 714 2048 788 postea
2095 709 2428 788 apparebit,
2476 729 2573 767 res
2621 707 2769 785 ipsa

506 801 682 877 cogit,
729 800 803 858 de
846 798 1165 857 Britonum
1212 799 1457 857 ecclesia
1488 805 1550 858 et
1579 799 1652 857 de
1686 796 1998 858 Scotorum
2045 799 2368 876 separatim
2415 803 2507 856 est
2552 796 2769 856 dicen·

505 889 664 948 dum.
755 888 1023 947 Primum
1070 887 1259 964 igitur

1200 1113 1619 1197 Britonum
1686 1114 2019 1199 eeclesia

507 1334 699 1412 qualis
745 1333 929 1393 fuerit
945 1377 959 1405 ,
1020 1329 1461 1410 inquirentibus
1506 1331 1675 1392 nobis
1724 1339 1847 1392 tres
1893 1339 2121 1393 aetates
2168 1333 2627 1413 distinguendae
2675 1335 2770 1394 vi-

507 1425 728 1484 dentur
774 1442 930 1494 esse,
991 1422 1183 1500 prima
1230 1420 1467 1497 quidem
1514 1421 1970 1499 primordiorum
2016 1442 2203 1499 usque
2249 1424 2326 1482 ad
2373 1444 2594 1483 annum
2646 1424 2767 1483 cir·

495 1514 658 1573 'citer
705 1511 853 1584 450,
901 1510 1170 1584 secunda,
1218 1529 1336 1587 qua
1381 1511 1572 1586 magis
1617 1517 1822 1572 nostra
1867 1512 2278 1587 quaerentium
2325 1533 2527 1586 causa,
2576 1533 2769 1590 quam

507 1602 640 1681 ipsa
686 1621 751 1659 re
797 1620 1002 1660 ansam
1047 1600 1374 1678 praebente
1420 1599 1753 1677 sejungitur
1797 1622 1834 1658 a
1879 1600 2077 1673 tertia,
2120 1599 2258 1659 inde
2305 1602 2381 1660 ab
2431 1621 2591 1660 anno
2627 1602 2765 1661 450

507 1710 696 1767 usque
743 1690 819 1748 ad
864 1708 1100 1762 annum,
1150 1709 1266 1766 quo
1299 1688 1676 1765 Augustinus
1716 1689 1778 1747 in
1809 1689 2190 1748 Britanniam
2217 1691 2401 1762 venit,
2447 1691 2487 1749 i.
2521 1711 2571 1748 e.
2608 1690 2767 1763 597,

507 1779 692 1840 tertia
737 1778 990 1855 denique
1049 1797 1238 1855 usque
1286 1777 1363 1837 ad
1408 1797 1626 1837 annum
1674 1778 1911 1838 circiter
1956 1778 2526 1854 octingentesimum.
2620 1779 2765 1838 Pri·

508 1889 668 1928 mum
715 1868 901 1945 igitur

1224 2006 1300 2073 de
1346 2006 1790 2090 primordiorum
1838 2007 2042 2074 aetate

509 2133 916 2195 disserendum
948 2138 1054 2195 est.
1147 2133 1485 2193 Primordia
1528 2135 1661 2212 ipsa
1707 2154 1859 2211 quae
1905 2133 2170 2205 fuissent,
2218 2154 2313 2192 res
2360 2142 2516 2195 esset
2561 2134 2766 2194 facilis

510 2225 587 2284 ad
633 2222 1134 2301 cognoscendum,
1182 2223 1234 2281 si
1279 2223 1591 2297 sciremus,
1636 2223 1794 2282 unde
1841 2222 2092 2282 fuissent
2139 2222 2201 2280 id
2248 2226 2337 2281 est
2382 2224 2432 2282 si
2480 2224 2760 2301 explora·

505 2320 636 2374 tum
681 2313 1049 2385 haberemus,
1096 2332 1131 2371 a
1178 2332 1433 2388 quonam
1480 2312 1626 2371 fides
1671 2312 1991 2371 christiana
2037 2311 2101 2370 in
2144 2310 2526 2371 Britanniam
2573 2313 2766 2370 allata

341 2449 391 2472 .,.
509 2408 680 2462 esset.
772 2400 893 2460 Sed
952 2401 1025 2460 de
1085 2401 1196 2459 hac
1255 2422 1320 2459 re
1378 2400 1480 2460 vix
1538 2400 1761 2482 ²³·le
1822 2421 1930 2478 pro
1995 2405 2157 2459 certo
2205 2398 2490 2458 affirmari
2535 2404 2763 2477 potest.

509 2491 722 2551 Gildas
769 2490 925 2549 enim
942 2535 955 2562 ,
1026 2489 1475 2567 antiquissimus
1520 2510 1716 2549 rerum
1762 2487 2246 2549 Britannicarum
2293 2490 2550 2565 scriptor
2566 2532 2580 2560 ,
2654 2488 2764 2564 qui

509 2585 713 2640 natum
760 2600 822 2638 se
869 2600 994 2639 esse
1039 2579 1167 2656 ipse
1212 2578 1567 2639 testificatur
1590 2578 1614 2615 ¹
1661 2579 1864 2637 eodem
1911 2597 2093 2649 ann0,
2158 2596 2275 2655 quo
2323 2576 2586 2636 obsessio
2635 2576 2762 2635 Ba-

509 2670 707 2728 donici
753 2668 971 2727 montis
1017 2668 1177 2727 facta
1222 2668 1301 2726 sit
1347 2669 1445 2744 (cf.
1479 2663 1893 2750 Lappenber9‚
1945 2660 2276 2727 Geechiclzte
2304 2684 2417 2724 von
2451 2659 2762 2746 Dayland.

514 2761 680 2819 1834.
716 2762 762 2817 1.
795 2755 921 2817 Bd.
941 2778 1013 2836 p.
1049 2759 1184 2834 104)
1215 2757 1252 2815 i.
1287 2779 1334 2815 e.
1381 2777 1538 2816 anno
1572 2758 1776 2816 516m0
1807 2756 1902 2815 vel
1937 2755 2142 2812 520ΙΙΙΕΙΩ
2174 2752 2315 2830 (vid.
2350 2753 2553 2813 Sohffll
2593 2775 2655 2832 p.
2693 2755 2764 2826 33

510 2846 857 2919 Stevenson,
905 2866 1086 2925 opera
1133 2843 1365 2905 Gildae.
1420 2846 1587 2906 1838
1633 2866 1690 2922 p.
1722 2844 1888 2906 VIII
1930 2845 2086 2921 sqq.)
2131 2842 2459 2902 vetustiora
2503 2843 2761 2919 scripto-

509 2958 640 2997 rum
671 2942 1052 2996 monumenta
1090 2933 1180 3009 „ei
1205 2956 1322 3018 qua
1350 2934 1617 3018 fuer-im“
1655 2954 1774 2993 non
1807 2952 2145 3011 comparere
2177 2930 2446 3007 queritur
2477 2930 2765 3006 (historia

510 3029 546 3106 ξ
596 3028 635 3085 4
683 3025 772 3085 ed.
820 3024 1149 3085 Stevenson
1208 3045 1267 3102 p.
1322 3024 1444 3102 13).
1537 3025 1675 3102 Ipse
1722 3043 1853 3082 cum
1899 3043 1974 3080 ne
2020 3039 2285 3079 sermone
2331 3022 2576 3096 patrum
2627 3020 2761 3096 qui·

511 3117 642 3175 dem
705 3115 1021 3193 quicquam
1076 3114 1148 3171 de
1209 3113 1435 3190 origine
1483 3111 1761 3172 ecclesiae
1805 3109 2188 3169 Britannicae
2249 3106 2570 3165 memoriae
2619 3128 2760 3186 pro-

509 3206 700 3264 ditum
746 3209 901 3263 esset
917 3248 931 3276 ,
994 3203 1218 3275 omnia,
1289 3222 1438 3278 quae
1484 3202 1557 3260 de
1604 3198 2029 3276 antiquissimis
2082 3195 2448 3272 temporibus
2496 3202 2763 3268 enarrat,

510 3298 813 3353 mutuatus
860 3298 950 3352 est
996 3292 1071 3350 ab
1118 3291 1377 3350 Eusebio
1425 3288 1651 3364 (Sabell
1694 3307 1750 3364 p.
1803 3289 1838 3342 9
1886 3288 2060 3363 sqq).
2151 3283 2242 3343 At
2285 3283 2363 3354 is,
2410 3303 2448 3340 a
2494 3303 2763 3359 quonam

509 3383 656 3442 fides
703 3381 1028 3441 christiana
1074 3379 1136 3436 in
1181 3378 1556 3436 Britanniam
1604 3377 1785 3437 allata
1832 3382 2001 3445 esset,
2047 3372 2174 3449 ipse
2220 3369 2542 3429 nesciebat.
2637 3371 2697 3431 N
2700 3392 2761 3429 e-

510 3493 625 3550 que
670 3492 742 3529 ex
787 3471 877 3543 iis,
925 3488 1077 3546 quae
1108 3465 1320 3526 Gildas
1351 3466 1424 3525 de
1457 3467 1580 3526 suis
1623 3461 1872 3533 addidit,
1921 3460 2238 3538 quicquam
2284 3458 2485 3535 colligi
2533 3466 2761 3537 potest.

507 3561 663 3622 Nam
708 3559 799 3632 iis,
848 3579 1002 3636 quae
1047 3555 1231 3615 refert
1279 3553 1440 3628 (hist.
1487 3556 1523 3632 ξ
1561 3555 1639 3612 10
1684 3572 1742 3629 p.
1783 3550 1888 3624 17)
1935 3549 2007 3606 de
2054 3547 2290 3605 Albano
2337 3546 2765 3606 Verolamensi

510 3656 571 3710 et
616 3649 689 3708 de
736 3648 981 3707 Aarone
1025 3643 1329 3719 Julioque,
1375 3642 1541 3701 urbis
1586 3638 1917 3716 Legionum
1962 3635 2221 3705 civibus,
2279 3633 2342 3691 in
2387 3633 2765 3695 Diocletiani

507 3738 916 3818 persecutione
963 3730 1365 3806 martyrizatis
1380 3773 1395 3802 ,
1455 3729 1724 3805 equidem
1772 3723 1971 3799 (aliter
2014 3721 2324 3798 Brightius
2369 3740 2427 3797 p.
2477 3722 2545 3798 8)
2594 3724 2764 3783 haud

507 3828 628 3887 scio
675 3847 753 3885 an
798 3824 947 3882 fides
992 3817 1340 3893 deneganda
1398 3817 1493 3876 sit.
1585 3810 2063 3876 Persecutionem
2111 3810 2263 3868 enim
2311 3808 2765 3871 Diocletianam

507 3913 887 3975 Britanniam
934 3929 1053 3967 non
1101 3904 1370 3982 attigisse
1418 3925 1489 3962 ex
1536 3905 1785 3963 aliorum
1831 3897 2183 3957 testimoniis
2216 3898 2490 3974 (quorum
2539 3899 2763 3958 seriem

507 4005 710 4065 videas
756 3998 916 4078 apud
961 3997 1041 4055 Η.
1090 3993 1209 4053 and
1253 3993 1340 4051 St.
1386 3992 1437 4065 I,
1483 4015 1542 4069 p.
1594 3993 1657 4063 6)
1705 3991 1954 4045 constat.
2046 3986 2212 4059 Quae
2273 4003 2403 4042 cum
2465 3985 2554 4044 ita
2615 3988 2763 4060 sint,

690 4211 710 4240 ¹
746 4202 1041 4261 Ebrardus
1082 4199 1155 4253 de
1192 4197 1363 4253 Gilda
1400 4197 1624 4251 omnino
1659 4192 1803 4247 nihil
1844 4189 1991 4243 dixit
2026 4189 2136 4242 nisi
2184 4205 2310 4240 eum
2348 4188 2500 4242 circa
2541 4210 2760 4247 annum

507 4282 739 4336 450mum
777 4275 936 4345 (sicl)
975 4274 1036 4326 in
1073 4266 1340 4324 Oambria
1377 4267 1584 4321 vixisse
1623 4267 1702 4336 (p.
1745 4261 1855 4329 10).
