3025 4909
1221 161 1654 217 ,97-

228 340 341 393 et
416 338 503 393 29
552 337 693 413 Β).
727 336 867 395 .ad
910 345 964 397 te
1007 357 1257 418 namque
1301 337 1475 397 totius
1521 339 1798 398 exer-cibis
1842 338 2114 398 domini.
2194 338 2561 419 ‚periculum

196 424 571 501 -pertima
657 424 740 484 Te
782 435 967 484 totum
1011 436 1317 508 exspem,
1364 427 1469 508 qui
1501 437 1845 506 pote-statem
1885 424 2061 488 habes
2106 429 2273 504 (lisa
2305 429 2558 508 habens)

198 557 207 564 .
234 513 509 572 omnia
548 514 892 586 ordinandi,
924 513 1141 574 bellum
1170 515 1523 590 instituendi,
1554 516 1730 576 duces
1760 515 2057 576 excitmzdi
2084 525 2197 575 etc.
2229 520 2312 594 (p.
2343 520 2427 575 29
2445 519 2559 595 F).

196 601 423 661 -His
469 604 671 662 verbis
726 605 873 680 quid
920 605 1137 663 clarius
1152 605 1181 662 ἱ)
1271 606 1592 664 Proferant
1637 605 1988 681 scriptorem
2034 606 2297 681 ejusdem
2341 608 2560 667 aetatis

216 689 618 750 -Ebrardus
663 699 725 750 et
771 693 1141 766 Warrenius,
1185 696 1534 771 producant,
1579 695 1634 752 si
1676 702 1946 771 possunt,
1990 696 2087 754 vel
2133 696 2322 754 civem
2367 696 2556 773 ipsius

237 780 469 838 urbis
513 781 774 854 Romae,
822 783 925 859 qui
970 784 1267 842 similibus
1309 784 1509 841 verbis
1554 784 1839 859 loquatur
1883 783 1959 840 de
2002 790 2301 859 potestate
2345 805 2558 862 papae.

244 868 468 926 Luce
516 870 736 928 clarius
781 878 872 930 est
903 870 1256 930 Columbam
1295 873 1571 950 episcopo
1600 872 1758 930 sedis
1786 871 2112 945 Romanae,
2157 879 2370 949 utpote
2402 894 2557 950 quae

220 958 555 1034 .insignis
601 967 760 1018 esset
804 960 1132 1019 traditione
1178 983 1215 1019 a
1243 962 1431 1019 Petro
1476 969 1540 1019 et
1568 961 1762 1018 Paulo
1792 961 2079 1037 profecta,
2127 961 2361 1037 quoad
2404 968 2553 1020 tra·

254 1048 655 1107 ditionem
710 1050 913 1107 illam
957 1059 1388 1127 sequeretur
1433 1049 1787 1108 concessisse
1831 1069 2122 1107 summam
2166 1051 2231 1107 in
2275 1050 2556 1109 universa

256 1139 548 1196 ecclesia
593 1138 848 1196 docendi
892 1145 955 1196 et
992 1139 1304 1213 judicandi
1348 1145 1729 1216 potestatem.

477 1227 656 1285 Unde
704 1227 977 1305 sequitur
1023 1227 1373 1287 Columbam
1419 1229 1497 1286 de
1539 1227 1840 1299 omnibus,
1896 1246 2050 1303 quae
2095 1227 2370 1304 publicae
2416 1229 2552 1287 doc-

234 1316 493 1375 -trinae
556 1324 757 1388 erant,
817 1317 1188 1375 consensisse
1248 1338 1381 1375 cum
1437 1317 1687 1376 ecclesia
1737 1316 2014 1373 Romana
2068 1337 2138 1373 ac
2193 1316 2433 1391 quidem
2487 1317 2552 1374 id

262 1406 582 1481 temporis
594 1450 610 1476 ,
657 1426 818 1478 cum,
866 1426 1021 1482 quae
1066 1412 1224 1464 esset
1266 1406 1542 1463 Romana
1587 1405 1944 1463 christianae
1988 1404 2298 1462 doctrinae
2342 1406 2550 1478 forma,

269 1501 669 1570 compertum
709 1497 838 1570 jam
883 1495 1166 1566 habebat,
1212 1516 1350 1552 nam
1396 1496 1653 1572 epistula
1683 1495 1790 1551 illa
1819 1493 1897 1551 ad
1926 1493 2297 1552 Bonifatium
2327 1515 2548 1571 papam

238 1583 501 1656 -missa,
550 1604 671 1660 qua
714 1584 1091 1661 potissimum
1135 1584 1229 1641 usi
1273 1604 1501 1655 sumus,
1544 1588 1670 1658 jam
1715 1583 1778 1640 in
1823 1581 2008 1641 Italia
2055 1582 2393 1660 conscripta
2438 1590 2547 1641 est.

244 1672 503 1748 ·Neque
551 1707 637 1716 —
684 1672 774 1743 id,
838 1673 999 1748 quod
1048 1676 1176 1748 jam
1233 1693 1341 1750 per
1398 1693 1461 1731 se
1523 1671 1872 1731 incredibile
1931 1678 2049 1742 est,
2110 1690 2250 1728 nam
2309 1672 2549 1749 saepius

244 1805 251 1814 .
274 1760 585 1820 Columba
616 1781 682 1819 se
710 1762 907 1837 ipsum
930 1761 1168 1819 induxit
1188 1782 1373 1819 unum
1397 1783 1508 1839 pro
1532 1761 1805 1820 omnibus
1826 1759 2117 1819 Hibernis
2140 1759 2436 1818 dicentem
2455 1795 2548 1805 —

248 1850 398 1906 =illa
451 1850 753 1908 sententia
796 1849 1043 1927 propria
1090 1856 1221 1908 erat
1264 1851 1442 1909 unius
1487 1849 1838 1920 Columbae,
1900 1848 2120 1906 similia
2163 1855 2328 1919 sunt,
2392 1869 2546 1924 quae

274 1938 480 1997 Jonas
501 1938 824 1998 Bobiensis
846 1939 1026 1997 dixit:
1065 1934 1528 2019 „Aeqm'lejenses
1549 1935 1890 1998 dissentiunt
1909 1958 1950 1995 a
1971 1935 2373 1996 communione
2393 1936 2547 1996 sedis

277 2023 659 2105 apostolicae,
704 2026 780 2086 de
821 2047 941 2107 qua
985 2027 1259 2086 domitius
1302 2027 1365 2086 in
1408 2025 1700 2108 evanyelio
1744 2025 1829 2084 ad
1873 2024 2102 2085 beatum
2146 2022 2544 2104 apostolomm

268 2113 612 2195 principem
643 2113 893 2175 Petrum
939 2113 1226 2197 loquitur:
1266 2126 1329 2174 tu
1360 2137 1420 2177 es
1449 2125 1549 2176 etc.
1580 2114 1715 2188 Mt„
1767 2118 1853 2185 16,
1901 2119 2012 2174 18⁴⁴
2052 2116 2183 2192 (vit.
2215 2114 2456 2173 Eustas.
2485 2118 2543 2188 7,

258 2205 443 2263 nab.
475 2204 565 2277 II,
598 2225 738 2263 ann.
771 2206 920 2274 625,
949 2226 1007 2282 p.
1047 2207 1216 2281 119).
1259 2206 1540 2282 Denique
1570 2206 1817 2282 dignum
1847 2210 1939 2262 est
1968 2204 2543 2276 commemoratione,

279 2293 450 2369 quod
490 2294 756 2352 omnium
786 2295 1114 2353 occidentis
1143 2296 1638 2353 monasteriorum
1669 2294 1930 2372 primum
1961 2292 2260 2351 Bobiense
2290 2299 2542 2368 rogante

278 2382 510 2440 abbate
556 2402 713 2440 anno
752 2385 1042 2458 jam-628
1090 2384 1362 2459 neglecta
1407 2386 1504 2443 vel
1549 2391 1776 2442 remota
1822 2382 2088 2459 episcopi
2125 2379 2542 2457 jurisdictione

282 2470 399 2528 soli
441 2491 639 2548 papae
686 2473 1017 2547 subjectum
1063 2479 1157 2531 est
1201 2474 1301 2547 (cf.
1346 2473 1662 2548 Harttung
1703 2494 1762 2551 p.
1813 2473 2118 2546 62—69).

260 2585 267 2590 ·
469 2560 639 2633 Quae
685 2581 819 2619 cum
863 2561 952 2620 ita
996 2562 1137 2634 sint,
1184 2562 1582 2637 colligendum
1628 2570 1720 2620 est
1758 2561 2065 2619 ecclesiam
2098 2560 2280 2629 illam,
2325 2559 2390 2617 111
2422 2579 2540 2635 qua

279 2648 577 2708 Columba
634 2658 811 2709 natus
866 2658 997 2710 erat
1041 2657 1224 2727 atque
1268 2650 1554 2709 educatus
1568 2695 1583 2723 ,
1643 2658 1788 2708 tunc
1831 2650 2118 2727 temporis
2163 2667 2539 2725 nequaquam

277 2737 587 2796 inimicam
650 2740 833 2799 fuisse
895 2740 1021 2797 sedi
1084 2739 1465 2816 apostolicae.
1558 2740 1717 2813 Quin
1782 2740 1964 2797 etiam
2028 2736 2418 2796 disertissime
2477 2744 2540 2796 et

264 2827 629 2905 planissime
682 2830 974 2907 scriptum
1030 2835 1123 2886 est
1165 2829 1228 2886 in
1274 2828 1535 2905 epistula
1580 2828 1866 2887 Cumeani
1913 2826 2272 2905 Gregorium
2317 2846 2537 2905 papam

276 2915 446 2993 apud
492 2937 698 2976 omnes
730 2916 941 2977 Scotos
987 2923 1050 2975 et
1094 2917 1256 2993 apud
1301 2917 1464 2992 ipsos
1507 2916 1788 2976 Hiienses
1834 2937 2053 2993 magna
2097 2917 2370 2977 floruisse
2400 2938 2537 2978 auc-

274 3005 544 3076 toritate,
593 3026 734 3064 nam
787 3005 909 3078 „ad
957 2998 1234 3085 Greyord
1261 3022 1496 3084 papae,
1543 3005 1742 3081 inquit
1787 3005 2124 3065 Oumeanus
2170 3009 2397 3083 (Usser,
2444 3030 2538 3086 ep.

271 3094 399 3151 hib.
433 3096 565 3171 syll.
595 3118 664 3195 p.
692 3096 820 3171 21),
865 3092 1026 3153 urbis
1071 3090 1305 3152 Romae
1347 3093 1621 3172 εμέσφὶ,
1667 3114 1706 3151 α
1749 3093 1912 3154 nobis
1957 3093 2019 3154 in
2063 3116 2366 3156 commune
2408 3118 2533 3157 8118-

271 3183 430 3264 cepti
470 3193 525 3243 et
568 3181 690 3243 oris
734 3192 787 3242 et
832 3182 1003 3244 aurei
1041 3178 1427 3262 affellaticme
1470 3181 1693 3254 donati,
1740 3180 1914 3241 verba
1956 3203 2051 3243 me
2095 3187 2390 3245 converti.

271 3274 576 3334 Attamen
625 3293 745 3331 non
790 3293 970 3349 nego,
1025 3271 1348 3344 „liberam“
1400 3270 1583 3330 fuisse
1629 3271 1937 3330 ecclesiam
1984 3270 2298 3334 Scotorum
2345 3298 2381 3335 a
2426 3297 2531 3355 po-

268 3369 497 3423 testate
544 3369 607 3421 et
644 3359 1063 3439 jurisdictione
1108 3380 1328 3438 papae,
1383 3360 1491 3418 sed
1535 3360 1789 3420 liberam
1834 3381 1955 3419 non
2000 3363 2285 3438 alienam,
2339 3386 2534 3443 neque

273 3453 397 3512 alia
466 3458 600 3511 erat
666 3451 919 3510 libertas
980 3451 1089 3508 illa
1150 3456 1332 3526 atque
1394 3469 1513 3525 qua
1577 3449 1787 3507 iisdem
1851 3452 2223 3528 temporibus
2286 3456 2533 3513 ecclesia

271 3540 594 3601 Gallicana
637 3542 968 3612 fruebatur,
1014 3574 1102 3582 ——
1141 3559 1281 3596 nam
1326 3539 1508 3596 etiam
1553 3539 1618 3595 in
1649 3537 1849 3597 Gallia
1894 3542 2222 3599 auctoritas
2267 3543 2533 3620 episcopi

268 3632 538 3691 Romani
583 3638 728 3688 tunc
772 3628 1059 3705 temporis
1106 3628 1303 3687 verbis
1349 3646 1469 3685 non
1514 3628 1911 3699 minuebatur,
1957 3649 2166 3687 revera
2197 3637 2397 3689 autem
2426 3635 2530 3692 vix

273 3719 629 3797 comparuit.
721 3716 1082 3775 Inimicitiae
1128 3737 1272 3793 ergo
1318 3716 1479 3773 inter
1524 3716 1833 3794 episcopos
1871 3717 2177 3776 Romanos
2222 3726 2284 3777 et
2329 3729 2528 3797 poste-

270 3810 450 3868 rioris
494 3807 785 3885 temporis
832 3804 1060 3877 Scotos,
1106 3806 1159 3864 si
1205 3825 1358 3881 quae
1402 3806 1647 3863 fuerunt
1656 3805 1699 3877 ¹,
1746 3826 1865 3863 non
1912 3825 2090 3863 causa
2133 3807 2377 3868 fuerunt
2422 3810 2527 3868 sed

271 3898 474 3956 exitus
520 3894 961 3955 controversiae
1007 3894 1168 3952 illius
1212 3894 1374 3951 inter
1413 3891 1626 3952 Scotos
1671 3900 1733 3952 et
1777 3891 2311 3970 Anglo·Saxones.

424 4051 653 4104 ¹Tales
701 4048 1033 4104 inimicitiae
1086 4048 1355 4102 videntur
1403 4048 1628 4100 elucere
1676 4065 1707 4100 e
1745 4048 2003 4101 versibus
2039 4051 2376 4117 quibusdam
2417 4051 2524 4104 Hi-

266 4122 526 4178 hernicis
562 4123 745 4176 codici
776 4138 905 4191 epp
937 4119 1096 4173 Paul.
1124 4120 1507 4173 Boerneriano
1537 4123 1707 4186 (saec.
1736 4118 1893 4186 IX)‘
1875 4138 1936 4172 m
1959 4123 2215 4189 margine
2243 4123 2522 4191 ascriptis,

269 4211 511 4277 quorum
566 4195 827 4248 notitiam
886 4190 1223 4246 Franciscus
1267 4190 1679 4255 Delitzschius‚
1744 4192 1834 4243 vir
1889 4210 2104 4246 summe
2160 4195 2525 4258 reverendus,

272 4265 680 4320 humanissime
718 4265 858 4319 mihi
896 4263 1250 4331 comparavit
1276 4263 1373 4330 (cf.
1403 4261 1645 4325 Ebrard,
1685 4261 2006 4315 Bonifatius
2030 4281 2086 4332 p.
2120 4266 2228 4333 10).
2293 4266 2520 4333 Scripta

2063 4353 2093 4404 7
