3025 4909
1145 202 1579 260 ...67-

191 440 198 445 ,
424 377 573 451 Sed,
621 377 889 456 quamvis
933 379 1302 457 repudianda
1347 379 1425 439 sit
1468 379 1617 438 haec
1662 378 1868 439 Skenii
1913 379 2235 452 sententia,
2281 384 2481 438 tamen

195 468 682 527 observandum
728 473 836 541 est,
885 488 1061 545 quam
1107 488 1282 546 saepe
1328 475 1605 528 occurrat
1649 468 1809 546 apud
1854 466 2063 527 Scotos
2108 466 2205 528 Sti
2235 467 2482 528 Martini

207 576 462 618 nomen
511 558 607 632 (cf.
639 556 897 615 Warren
942 557 1051 616 loc.
1095 557 1157 615 in
1202 557 1397 616 indice
1442 559 1691 634 comm.),
1738 575 1916 633 quam
1947 563 2185 616 vetusta
2214 557 2305 616 sit.
2324 556 2483 634 apud

201 666 344 705 eos
393 645 585 704 sancti
636 646 797 704 illius
852 646 1156 705 veneratio
1205 647 1301 721 (cf.
1346 647 1563 719 Jonas,
1607 646 1714 705 vit.
1762 645 1887 705 Col.
1935 645 2091 707 Lux.
2137 646 2294 705 Mab.
2342 644 2482 705 Act.

208 733 355 793 SS.
404 732 490 806 ΙΙ,
540 754 673 792 ann.
724 734 871 807 615,
919 734 1021 805 44,
1068 755 1126 812 p.
1175 735 1277 808 23,
1325 737 1397 795 cf.
1431 737 1535 808 42,
1581 756 1638 813 p.
1672 733 1788 806 223
1832 734 2170 808 Adamnan‚
2214 735 2324 808 vit.
2356 733 2482 794 Ool.

215 822 481 883 Hiiens.
531 823 587 895 3,
638 824 738 894 90,
785 843 843 900 p.
892 824 1064 900 229).
1142 824 1274 897 Qua
1319 825 1393 883 de
1438 844 1617 884 causa
1661 824 1919 901 aliquam
1964 843 2224 900 unquam
2263 822 2481 882 Hiber-

221 913 339 971 nis
398 931 529 969 cum
576 910 671 970 Sti
715 911 962 970 Martini
1006 913 1363 972 monasterio
1407 913 1899 972 necessitudinem
1942 912 2121 972 fuisse
2166 932 2275 991 pro
2321 918 2483 971 certo

219 1000 587 1060 habendum
634 999 775 1059 est.²
852 999 969 1059 Sed
1015 1001 1208 1077 qualis
1253 1002 1349 1060 vel
1396 1002 1632 1079 quando
1675 1001 1874 1075 fuerit,
1918 1002 1983 1059 in
2028 1003 2281 1061 obscuro
2318 1001 2484 1060 latet.

225 1089 532 1150 Fortasse
570 1090 697 1164 jam
742 1088 869 1167 ipse
914 1089 1213 1149 Patricius
1255 1090 1320 1149 in
1364 1091 1568 1149 multis
1613 1090 1734 1150 suis
1776 1090 2091 1149 itineribus
2136 1090 2317 1149 etiam
2363 1089 2484 1148 Tu·

227 1198 433 1236 :rones-
471 1177 653 1237 venit.
745 1178 900 1238 Nam
929 1179 1076 1256 ipso
1121 1179 1385 1239 Patricio
1431 1185 1692 1239 testante
1730 1182 1859 1256 jam
1901 1184 2043 1238 tunc
2087 1179 2152 1237 in
2191 1178 2486 1238 Hibernia

225 1273 424 1325 erant
468 1265 742 1325 monachi
788 1274 849 1326 et
894 1267 1155 1344 virgines
1201 1267 1425 1328 Christi
1456 1267 1789 1345 (Confessio
1834 1290 1893 1347 p.
1943 1268 2069 1326 308
2116 1267 2199 1327 H.
2245 1268 2365 1327 and
2396 1266 2484 1327 St.

232 1355 335 1430 ΙΙ,
384 1356 468 1432 2).
544 1355 778 1431 Itaque,
824 1356 940 1415 etsi
986 1376 1151 1415 amor
1194 1358 1295 1415 ille
1348 1357 1509 1417 vitae
1555 1356 1931 1417 monachicae
1976 1364 2037 1415 et
2067 1356 2486 1415 monachorum

234 1445 354 1503 illa
414 1444 709 1502 mirabilis
770 1445 1095 1505 auctoritas
1140 1445 1388 1506 Patricii
1447 1446 1816 1527 temporibus
1877 1446 1941 1504 in
1986 1444 2283 1504 Hibernia
2327 1443 2487 1503 haud

225 1521 433 1594 'dubie
480 1552 599 1591 non
639 1535 765 1608 jam
812 1539 960 1608 erat,
1005 1542 1204 1594 tamen
1245 1538 1371 1610 jam
1414 1542 1559 1595 tunc
1603 1536 1731 1595 vita
1774 1534 2116 1593 monachica
2161 1534 2224 1591 in
2267 1533 2486 1592 Hiber·

238 1622 411 1681 niam
468 1622 760 1682 translata
812 1628 918 1682 est.
1008 1624 1163 1685 Nam
1206 1643 1316 1700 pro
1363 1631 1525 1683 certo
1571 1630 1841 1684 constare
1887 1643 2015 1682 eam
2062 1622 2298 1681 aliunde
2343 1623 2487 1681 alla·

240 1717 375 1769 tam
423 1731 550 1769 esse
595 1710 660 1769 in
691 1710 1046 1771 Hiberniam
1091 1732 1261 1771 nemo
1308 1713 1422 1772 nisi
1450 1713 1760 1772 Ebrardus
1791 1711 1874 1790 (p.
1913 1713 2065 1788 160)
2095 1711 2316 1771 infitias
2355 1711 2487 1772 ibit.

236 1800 387 1872 Qua
446 1799 518 1858 de
576 1819 750 1859 causa
805 1800 963 1862 vitae
1017 1801 1392 1861 monachicae
1446 1802 1768 1880 primordia
1822 1800 1983 1878 apud
2027 1798 2237 1859 Scotos
2284 1800 2486 1859 eadem

242 1895 436 1964 atque
496 1888 642 1947 alibi
700 1908 820 1947 non
875 1909 1000 1948 esse
1054 1910 1173 1948 non
1227 1896 1568 1968 potuerunt.
1659 1888 1779 1949 Sed
1822 1894 1891 1947 ut
1938 1889 2052 1947 duo
2099 1888 2365 1965 germani
2411 1888 2488 1947 si·

250 1977 486 2037 minimi
528 1977 688 2036 inter
731 1998 794 2036 se
839 1977 903 2035 in
948 1979 1208 2055 pueritia
1252 2000 1388 2039 suos
1429 1979 1695 2056 quisque,
1744 1997 1874 2036 cum
1907 1977 2251 2050 adoleverit,
2276 1996 2488 2037 .mores

245 2066 531 2139 ostendit,
577 2066 666 2125 ita
712 2071 775 2126 et
820 2064 1131 2126 Scotorum
1149 2068 1303 2168 ‚vita
1346 2068 1706 2127 monachica.

434 2154 594 2228 Quin
654 2155 835 2214 etiam
893 2155 1051 2215 inter
1107 2156 1267 2234 ipsos
1312 2155 1522 2216 Scotos
1580 2156 1747 2215 varia
1808 2154 2225 2213 monachorum
2270 2174 2490 2231 genera

248 2242 676 2320 distinguenda
737 2264 863 2304 esse
923 2265 1043 2303 non
1102 2247 1292 2304 solum
1352 2245 1655 2322 catalogus
1699 2242 2080 2316 Sanctorum,
2138 2243 2203 2301 in
2265 2262 2382 2319 quo
2431 2247 2491 2302 et

243 2333 495 2392 secundi
540 2338 602 2392 et
640 2333 806 2392 tertii
838 2334 1063 2392 ordinis
1095 2340 1330 2394 sanctos
1362 2332 1623 2394 diversas
1648 2329 1878 2413 reqzdas
1907 2331 2183 2390 habuisse
2215 2331 2493 2390 dicuntur

249 2421 356 2496 (H.
404 2421 522 2480 and
570 2419 656 2480 St.
703 2420 790 2494 ΙΙ,
841 2424 897 2494 2,
944 2443 1001 2499 p.
1054 2423 1177 2479 292
1227 2426 1341 2498 sq),
1401 2423 1572 2482 testis
1632 2427 1746 2494 est,
1808 2421 1913 2480 sed
1971 2421 2101 2498 ipsa
2145 2440 2238 2478 res
2285 2419 2489 2492 docet;

248 2510 442 2585 (aliud
474 2509 879 2569 testimonium
920 2511 1079 2588 apud
1102 2511 1303 2584 Usser,
1332 2510 1586 2586 Antiqu.
1610 2532 1669 2588 p.
1698 2511 1868 2587 919).
1931 2508 2206 2568 Omnium
2237 2510 2489 2568 maxime

247 2598 409 2660 inter
432 2619 495 2657 se
518 2597 873 2660 differebant
894 2620 1081 2677 genus
1104 2620 1320 2672 eorum,
1364 2600 1553 2677 quiin
1575 2598 1947 2658 monasteriis
1970 2597 2162 2657 medio
2185 2598 2248 2656 in
2269 2599 2488 2675 populo

244 2686 597 2746 constitutis
642 2688 826 2746 vitam
871 2695 1116 2766 agentes
1162 2687 1507 2766 corrigendo
1549 2688 1771 2766 populo
1801 2707 2043 2765 operam
2072 2687 2375 2745 navabant
2405 2720 2490 2736 —-

252 2776 318 2833 hi
376 2773 663 2833 simillimi
722 2778 1066 2852 posterioris
1120 2777 1403 2856 temporis
1458 2776 1753 2835 canonicis
1805 2809 1882 2821 --
1933 2782 1995 2835 et
2038 2795 2223 2852 genus
2270 2794 2489 2847 eorum,

249 2862 359 2940 qui
421 2862 797 2922 eremitarum
861 2885 1023 2923 more
1084 2866 1334 2926 solitarii
1396 2866 1582 2925 vitam
1639 2866 1913 2942 agebant.
2008 2865 2103 2923 De
2148 2863 2266 2923 illis
2311 2883 2491 2941 supra

253 2954 406 3014 satis
453 2957 544 3011 est
590 2952 977 3030 disputatum,
1024 2954 1097 3013 de
1142 2956 1234 3015 his
1280 2974 1467 3032 pauca
1514 2954 1746 3012 addam.

431 3041 530 3100 Ac
589 3041 845 3119 primum
906 3043 1144 3120 quidem
1188 3045 1381 3101 facere
1426 3062 1545 3102 non
1591 3062 1858 3120 possum,
1921 3041 2065 3117 quin
2112 3040 2317 3100 Skenii
2363 3060 2490 3099 sen·

254 3130 505 3190 tentiam
550 3130 910 3208 impugnem,
958 3132 1062 3209 qui
1109 3131 1222 3190 etsi
1253 3150 1370 3189 non
1401 3138 1581 3207 negat
1626 3129 1947 3188 Columbae
1971 3134 2096 3205 jam
2126 3129 2492 3206 temporibus

252 3220 552 3279 exstitisse
585 3220 877 3292 eremitas,
922 3229 1125 3280 tamen
1155 3219 1314 3298 apud
1344 3220 1508 3279 tertii
1539 3220 1771 3277 demum
1803 3218 2024 3276 ordinis
2056 3223 2306 3289 sanctos,
2359 3215 2499 3298 „qui

253 3309 318 3368 -in
362 3306 600 3369 desertis
654 3304 1052 3380 habitabanffl,
1097 3308 1259 3367 illam
1305 3307 1547 3368 vivendi
1590 3306 1880 3366 rationem
1924 3306 2285 3364 increbuisse
2317 3310 2494 3383 putat

257 3398 368 3475 (ΙΙ,
416 3419 474 3476 p.
509 3397 636 3455 248
685 3401 859 3474 sqq.).
938 3397 1124 3472 Cujus
1170 3397 1256 3457 rei
1302 3416 1432 3455 cum
1477 3402 1716 3473 praeter
1763 3396 2095 3472 catalogum
2143 3393 2494 3453 Sanctorum

256 3489 484 3548 nullum
531 3493 726 3546 exstet
770 3487 1172 3546 testimonium
1206 3520 1290 3532 -
1321 3505 1511 3561 neque
1556 3504 1737 3543 unum
1780 3484 1931 3543 illud
1977 3482 2265 3561 expressis
2297 3482 2493 3543 verbis

257 3613 382 3620 ῤ-

404 3666 425 3696 ²
462 3662 682 3730 Itaque,
724 3677 851 3714 cum
891 3659 952 3712 in
985 3659 1109 3726 ipso
1138 3658 1452 3712 Turonensi
1488 3657 1832 3711 monasterio
1859 3655 2218 3710 inveniantur
2243 3654 2495 3723 episcopi

261 3733 688 3789 monasteriales
729 3730 1050 3800 (Harttung
1086 3747 1142 3797 p.
1184 3729 1275 3797 34)
1325 3744 1507 3799 neque
1547 3727 1733 3782 desint
1781 3726 2131 3790 testimonia,
2180 3741 2253 3801 *ex
2291 3726 2493 3796 quibus

261 3805 436 3860 liceat
475 3802 750 3873 suspicari
787 3802 967 3854 multo
1009 3800 1382 3869 antiquiorem
1421 3815 1543 3852 esse
1580 3800 1639 3852 in
1667 3798 1853 3855 Gallia
1889 3797 2053 3849 illum
2090 3813 2303 3850 morem
2326 3814 2495 3867 quam

265 3877 463 3946 prima,
506 3892 648 3944 quae
687 3872 1066 3940 Harttungius
1105 3870 1337 3939 profert,
1380 3870 1500 3939 ejus
1540 3871 1795 3939 exempla
1832 3867 1928 3938 (cf.
1967 3867 2259 3935 Harttung
2294 3884 2348 3934 p.
2379 3867 2492 3932 34),

265 3952 487 4002 tantum
524 3946 700 4010 abest,
741 3949 805 3997 ut
830 3947 988 3997 certa
1010 3943 1141 4008 sint,
1184 3957 1326 4010 quae
1351 3940 1733 4010 Harttungius
1760 3941 1830 3994 de
1858 3939 2076 4008 origine
2105 3938 2496 4006 episcoporum

262 4017 749 4075 monasterialium
790 4015 1054 4083 opinatus
1094 4016 1203 4077 est,
1243 4016 1309 4066 ut
1343 4013 1517 4066 liceat
1551 4017 1768 4080 putare,
1811 4010 2010 4065 Scotos
2049 4027 2081 4064 a
2118 4008 2297 4062 Gallis
2336 4008 2496 4060 illum

263 4106 483 4148 morem
522 4088 823 4156 accepisse.
890 4084 1006 4139 Sed
1042 4084 1101 4137 in
1137 4083 1324 4137 medio
1362 4082 1545 4137 adhuc
1584 4081 1949 4151 relinquenda
1984 4084 2071 4134 est
2094 4081 2231 4133 haec
2259 4077 2491 4147 questiO,

266 4163 449 4217 donec
502 4160 623 4229 ipse
661 4157 1068 4226 Harttungius,
1121 4155 1217 4224 qui
1254 4153 1467 4223 primus
1507 4154 1822 4207 accuratius
1860 4152 1937 4205 de'
1969 4152 2074 4204 hac
2114 4167 2174 4203 re
2215 4149 2494 4214 disseruit,

263 4234 357 4288 vel
399 4232 542 4286 alius
581 4230 807 4300 quidam
849 4226 1102 4280 funditus
1141 4225 1506 4294 exquisiverit
1542 4226 1685 4279 hanc
1710 4241 1847 4289 rem,
1889 4222 2066 4275 multo
2095 4220 2495 4284 difficiliorem,

259 4322 435 4375 quam
472 4306 537 4355 ut
572 4302 765 4370 paucis
804 4297 1164 4367 dijudicetur.

2000 4380 2072 4434 5*
