3025 4909
1162 202 1591 258 ...21—

249 402 419 439 mum
452 381 830 459 conspicuum
861 387 971 458 est,
1021 381 1178 457 quod
1225 378 1509 439 dissensio
1557 378 1662 437 illa
1707 400 1824 438 non
1872 378 2081 454 effecit,
2127 385 2196 440 1113
2240 380 2491 440 schisma

250 476 531 529 oreretur
574 470 636 527 in
681 469 954 529 Francia.

438 559 607 618 Idem
663 559 735 618 de
790 564 1033 618 tonsura
1079 558 1390 616 dicendum
1436 564 1542 618 est.
1633 558 1987 633 Tonsuram,
2050 578 2166 635 qua
2211 558 2491 619 Britones

250 652 349 727 (et
381 648 560 722 Scoti,
608 654 678 706 ut
707 650 865 718 infra
896 647 1249 723 videbimus)
1281 648 1619 721 utebantur,
1666 648 1844 707 aliam
1888 648 2070 707 fuisse
2116 656 2295 725 atque
2344 669 2489 723 eam,

252 759 412 816 quae
458 738 765 797 dicebatur
810 743 870 797 et
916 738 1133 795 dicitur
1178 744 1423 795 tonsura
1479 756 1758 811 coronae,
1820 758 1937 814 qua
1980 736 2237 797 Romani
2284 744 2343 797 et
2388 738 2491 798 alii

251 835 432 887 erant
476 827 714 900 attonsi,
761 827 918 887 inter
964 847 1163 885 omnes
1209 832 1456 886 constat.
1548 824 1667 885 Sed
1714 827 1904 903 qualis
1959 826 2140 886 fuerit
2193 827 2306 887 ista
2352 827 2487 886 Bri·

248 924 465 976 tonum
511 923 789 976 tonsurae
835 919 1048 990 forma,
1109 935 1229 974 non
1274 936 1458 992 aeque
1504 920 1711 975 notum
1757 922 1863 975 est.
1953 915 2056 975 An
2100 915 2231 975 fieri
2275 923 2488 996 potest,

250 1011 329 1064 ut
371 1006 534 1065 nisus
579 1006 778 1066 verbis
819 1005 1173 1078 Mabilionis,
1220 1026 1370 1082 quae
1399 1006 1446 1066 J
1445 1005 1651 1064 affelus
1698 1005 2098 1081 (Bibliotheca
2142 1026 2254 1065 rer.
2288 1004 2488 1065 Germ.

248 1095 380 1170 III,
425 1116 484 1174 p.
517 1097 597 1153 26
647 1102 768 1155 not.
802 1097 866 1173 8)
914 1095 1350 1174 transscripsit.
1399 1091 1675 1155 Britones
1720 1094 2068 1155 anteriorem
2109 1094 2317 1175 capitis
2335 1117 2484 1175 par·

248 1192 371 1244 tem
415 1180 645 1264 capillis
691 1184 923 1245 omnino
968 1182 1272 1244 nudabant
1316 1182 1392 1242 ab
1435 1203 1578 1245 aure
1624 1184 1706 1244 ad
1750 1204 1981 1256 aurem,
2031 1184 2358 1264 posteriore
2399 1184 2485 1245 in-

248 1283 448 1345 tonsa,
495 1275 691 1333 animo
739 1275 988 1352 effingas
1034 1274 1196 1332 illam
1241 1279 1521 1332 tonsurae
1566 1273 1858 1332 formam?
1904 1274 2117 1332 Melius
2161 1275 2317 1333 idem
2361 1275 2485 1334 Ma·

248 1363 400 1423 bilio
446 1362 588 1423 Act.
634 1364 728 1436 H,
788 1385 843 1441 p.
900 1365 1022 1421 120
1071 1363 1174 1423 vit.
1231 1363 1401 1422 Eust.
1461 1384 1595 1421 ann.
1647 1363 1799 1435 625,
1867 1366 1946 1422 12
1996 1370 2118 1423 11013.
2164 1364 2203 1421 b
2250 1368 2489 1423 tonsu'ra

250 1448 598 1524 Hibemica‚
643 1453 854 1529 inquit,
902 1451 1277 1512 dimidiatam
1324 1471 1602 1513 coronam
1644 1451 1951 1513 reddebat.-
1996 1450 2203 1513 scilicet
2241 1451 2314 1513 ab
2346 1453 2489 1513 aur'e

250 1540 340 1601 ad
384 1561 589 1602 aurem
622 1561 739 1621 per
768 1540 1037 1643 frontem
1075 1540 1138 1600 in
1182 1561 1458 1601 coronam
1502 1561 1700 1602 caesus
1746 1551 1870 1600 erat
1914 1540 2178 1622 capillus,
2226 1541 2301 1602 ab
2345 1562 2487 1603 aure

249 1630 340 1691 ad
393 1650 598 1691 aurem
635 1650 755 1711 per
809 1625 1136 1711 occipitium
1177 1630 1435 1692 intonsus
1481 1629 1852 1711 dependebat.
1944 1631 2109 1691 Talis
2155 1632 2311 1691 enim
2359 1639 2487 1691 erat

248 1720 572 1779 Britonum
641 1727 919 1795 tonsura,
989 1729 1052 1779 ut
1120 1718 1183 1779 in
1234 1718 1456 1803 frontis
1525 1719 1820 1805 superficie
1887 1740 2130 1781 coronae
2198 1720 2489 1783 videretur

247 1808 498 1890 speciem
543 1808 885 1892 praeferre‚·
950 1808 1051 1869 sed
1093 1808 1196 1869 ubi
1237 1809 1321 1869 ad
1364 1808 1639 1870 cervicem
1682 1808 2101 1875 considerando
2132 1810 2483 1891 perveneris,

251 1898 615 1959 decurtatam
659 1919 815 1972 eam,
863 1918 1044 1981 quam
1087 1907 1139 1959 te
1182 1897 1376 1959 videre
1410 1897 1698 1981 putabas,
1756 1897 2000 1960 invenies
2045 1920 2322 1961 coronam
2367 1902 2481 1979 (ep.

253 1988 542 2048 Ceolfridi
586 1990 746 2068 apud
793 1989 1018 2048 Bedam
1063 1990 1119 2047 h.
1167 2008 1214 2048 e.
1266 1988 1321 2061 5,
1372 1991 1449 2046 21
1504 1990 1539 2066 ἓ
1590 1988 1762 2064 440).

432 2078 564 2138 Hac
611 2079 814 2137 eadem
868 2085 1113 2138 tonsura
1166 2078 1228 2136 in
1276 2076 1476 2137 Gallia
1538 2098 1770 2155 quoque
1829 2077 2108 2140 Britones
2163 2100 2300 2139 usos
2359 2100 2485 2139 esse

251 2167 653 2227 testimonium
711 2173 801 2227 est
856 2165 1133 2245 Gregorii
1187 2167 1549 2227 Turonensis
1602 2166 1803 2227 hocce:
1872 2163 2281 2250 Fredequndis
2328 2214 2341 2227 .
2376 2213 2389 2228 .
2422 2213 2436 2227 .
2470 2213 2483 2228 .

250 2253 673 2337 Bajocassinos
703 2251 965 2318 Saxones
998 2258 1058 2334 (i.
1091 2278 1139 2315 e.
1183 2277 1299 2330 eos,
1346 2257 1450 2333 qui
1493 2277 1681 2336 prope
1725 2254 2061 2337 „Bayeuff‘
2105 2257 2483 2335 habitabant)

238 2343 420 2428 juxta
469 2345 647 2406 ritum
701 2343 1139 2407 Britannorum
1182 2355 1374 2406 tonsos
1405 2390 1418 2404 .
1452 2390 1465 2405 .
1499 2390 1512 2404 .
1547 2390 1560 2404 .
1595 2346 1899 2427 praecepit
1946 2347 2025 2423 (h.
2074 2368 2121 2408 e.
2166 2348 2248 2420 X,
2300 2350 2355 2406 9.
2401 2349 2482 2406 H.

252 2436 370 2494 and
415 2434 502 2495 St.
551 2436 635 2510 Π,
690 2439 718 2494 1
770 2458 828 2514 Ρ.
879 2437 1006 2513 78).
1099 2436 1324 2495 Tamen
1384 2437 1456 2495 de
1515 2436 1639 2496 ulla
1701 2436 2131 2511 controversia,
2202 2459 2352 2515 quae
2411 2458 2484 2495 ex

250 2526 359 2583 hac
420 2525 664 2605 propria
725 2526 1042 2585 Britonum
1103 2526 1387 2585 tondendi
1445 2526 1676 2584 ratione
1739 2533 1874 2587 orta
1934 2533 2089 2586 esset
2149 2527 2210 2586 in
2267 2526 2482 2601 Gallia,

251 2615 565 2675 memoriae
610 2616 693 2673 nil
739 2616 1043 2694 proditum
1089 2620 1192 2675 est.

425 2704 502 2762 In
531 2704 827 2782 Hispania
871 2711 1067 2764 autem
1114 2705 1176 2773 in
1222 2704 1470 2763 coneilio
1519 2704 1808 2765 Toletano
1854 2704 1949 2764 IV
1991 2725 2125 2764 ann.
2177 2706 2303 2764 633
2352 2713 2480 2765 ton-

250 2813 419 2854 surae
475 2795 666 2853 forma
721 2794 881 2872 apud
933 2794 1212 2853 Britones
1266 2795 1485 2854 usitata
1540 2795 1946 2853 comdemnata
2001 2802 2109 2856 est.
2200 2795 2354 2857 Nam
2411 2796 2483 2854 de

251 2883 367 2943 alia
422 2883 676 2959 quadam
732 2883 913 2942 tertia
971 2890 1215 2943 tonsura
1267 2885 1457 2943 forma
1524 2884 1583 2942 in
1646 2884 1870 2960 synodo
1935 2884 2039 2944 illa
2103 2891 2300 2945 actum
2364 2905 2482 2944 non

252 2994 374 3033 esse
421 2979 673 3052 apparet
716 2972 938 3050 partim
985 2994 1059 3031 ex
1102 2974 1298 3033 verbis
1342 2973 1486 3050 ipsis
1533 2961 1811 3033 tonsurae
1855 2974 2104 3033 formam
2150 2974 2481 3034 describen-

251 3064 432 3137 tibus,
492 3083 642 3140 quae
700 3062 784 3121 sic
839 3063 1063 3141 scripta
1108 3070 1269 3121 sunt:
1340 3081 1533 3122 omnes
1579 3060 1771 3123 clerici
1810 3060 1900 3123 vel
1942 3060 2172 3124 lectores
2217 3062 2360 3123 sicut
2405 3061 2478 3123 le-

250 3151 394 3212 vitae
448 3161 500 3212 et
552 3150 875 3213 sacerdotes
939 3150 1173 3212 detonso
1236 3150 1500 3232 superius
1564 3160 1678 3212 toto
1742 3151 1926 3234 capite
1987 3150 2231 3233 inferius
2296 3150 2484 3212 solam

169 3236 175 3242 ’
251 3240 450 3301 circuli
491 3260 769 3301 coronam
812 3237 1163 3323 relinquant,
1218 3260 1335 3300 non
1379 3239 1523 3300 sicut
1566 3238 1854 3321 hucusque
1897 3240 1959 3300 in
2009 3235 2294 3303 Galliciae
2327 3262 2479 3322 par-

250 3329 395 3390 tibus
424 3328 631 3413 jacere
677 3327 906 3390 lectores
949 3329 1242 3401 videntur,
1312 3328 1414 3410 qui
1447 3327 1701 3412 prolia-is
1745 3340 1808 3391 ut
1855 3327 1991 3390 laici
2032 3329 2211 3390 comis
2255 3329 2317 3390 in
2358 3330 2484 3392 solo

252 3418 454 3500 capitis
523 3418 685 3499 apice
751 3418 1046 3479 modicum
1115 3416 1396 3480 circulum
1464 3419 1710 3480 tondent.
1804 3416 1980 3480 Ritus
2041 3419 2193 3480 enim
2260 3419 2363 3481 iste
2419 3421 2483 3480 in

252 3505 552 3587 Hispania
608 3505 895 3590 hucusque
948 3506 1368 3570 haereticorum
1412 3518 1537 3571 erat
1582 3512 1768 3586 (conc.
1816 3508 1946 3568 Tol.
1991 3510 2102 3583 IV,
2150 3531 2276 3569 can.
2324 3510 2481 3570 XLI

240 3598 327 3656 Ἠ.
360 3598 478 3657 and
510 3595 599 3656 St.
632 3597 717 3670 H,
765 3600 794 3655 1
829 3620 887 3676 Ρ.
924 3600 1049 3675 99),
1096 3599 1317 3677 partim
1361 3599 1499 3657 inde
1548 3599 1705 3676 quod
1750 3599 1813 3658 in
1861 3598 2116 3659 Gallioia
2160 3599 2480 3660 Britonum

253 3687 536 3746 coloniam
581 3686 762 3744 fuisse
809 3687 960 3747 aliae
1003 3709 1210 3748 causae
1242 3689 1630 3766 comprobant
1663 3689 1766 3764 (H.
1799 3689 1917 3747 and
1945 3687 2033 3748 St.
2065 3689 2152 3762 H,
2192 3691 2221 3746 1
2259 3711 2315 3768 Ρ.
2351 3688 2477 3770 99).

252 3776 443 3852 Hujus
481 3775 799 3836 Britonum
846 3781 1123 3837 tonsurae
1170 3798 1321 3856 quae
1366 3777 1545 3837 fuerit
1589 3778 1775 3854 orig0,
1821 3778 2028 3837 iisdem
2068 3778 2333 3838 tenebris
2379 3780 2479 3837 ob·

254 3872 540 3942 scuratur,
597 3886 747 3942 quae
808 3866 1043 3925 omnino
1105 3874 1383 3926 tonsurae
1441 3867 1780 3945 primordiis
1841 3867 2130 3927 obductae
2185 3877 2325 3928 sunt
2381 3870 2477 3944 (cf.

253 3955 599 4029 Hinschius,
668 3954 1105 4015 Kirohenrecht
1150 3956 1201 4029 I,
1261 3977 1317 4033 p.
1372 3957 1539 4033 104).
1632 3955 1858 4015 Tamen
1914 3956 2144 4016 concilii
2200 3957 2479 4016 Toletani

252 4045 420 4103 illud:
465 4043 647 4115 „ritus
689 4043 843 4105 enim
870 4042 973 4105 iste
1001 4041 1290 4126 hucusque
1333 4042 1749 4106 haereticorum
1793 4055 1969 4121 erat“,
2017 4067 2148 4105 oum
2193 4046 2478 4106 haeretici

254 4134 335 4192 illi
385 4140 542 4192 certo
587 4155 706 4192 non
751 4133 1122 4210 intelligendi
1168 4136 1288 4194 sint
1333 4134 1611 4195 Britones
1660 4171 1741 4180 —
1789 4158 1925 4195 nam
1969 4136 2126 4197 inter
2171 4135 2479 4214 episcopos

255 4243 346 4282 eos
363 4268 376 4295 ,
447 4223 548 4299 qui
603 4224 812 4299 synodi
868 4224 1107 4283 statutis
1162 4224 1662 4301 subscripserunt,
1733 4226 2040 4304 episcopus
2105 4225 2343 4301 quidam
2404 4225 2477 4284 de

254 4311 597 4372 Britonibus
628 4313 923 4392 reperitur
964 4348 1034 4355 -
1072 4314 1472 4375 demonstrare
1502 4320 1703 4390 potest
1732 4315 1886 4374 hunc
1910 4314 2226 4374 Britonum
2257 4334 2474 4373 morem
