3025 4909
1433 198 1872 260 ...32....

535 379 735 452 libros,
783 400 930 455 quos
975 378 1363 439 libentissime
1407 381 1680 459 legissem
1714 381 1985 459 inprimis
2008 380 2227 440 Toddii
2258 381 2331 440 de
2363 381 2490 441 vita
2520 380 2835 441 Patricii

537 470 753 528 librum
816 470 912 545 (cf.
960 489 1140 547 supra
1185 492 1243 548 p.
1293 470 1358 546 4)
1422 471 1672 549 adipisci
1725 471 2044 547 potuerim,
2106 471 2294 530 audeo
2351 492 2620 549 sperare,
2713 491 2835 529 me

535 578 707 636 posse
753 560 829 617 ab
878 559 1174 618 erroribus
1220 559 1366 617 mihi
1413 581 1634 634 cavere,
1684 567 1745 618 et
1789 561 1914 619 fore
1945 567 2015 619 ut
2046 562 2225 619 etiam
2256 560 2328 619 iis
2359 561 2567 638 paucis
2600 561 2834 638 plane

536 647 910 721 satisfaciam,
958 648 1061 724 qui
1108 670 1213 707 sua
1259 648 1522 727 ipsorum
1569 670 1750 728 opera
1781 670 1904 707 rem
1934 649 2202 709 funditus
2232 655 2830 727 pertractaverunt.

535 737 897 810 DummodO,
954 758 1105 814 quae
1150 739 1523 816 potissimum
1570 739 1711 797 mihi
1760 739 2040 797 videntur
2085 759 2210 798 esse
2257 739 2667 812 observanda,
2737 759 2828 796 ne

536 826 773 885 omnino
821 848 976 886 vana
1020 828 1155 900 sint,
1202 828 1517 888 dummodo
1565 827 1921 887 satisfaciam
1954 828 2261 906 proposito
2293 849 2440 901 meo,
2486 834 2574 901 ut,
2627 849 2828 904 quae

535 916 717 974 fuerit
762 917 1041 975 ecclesiae
1087 915 1719 977 Hiberae-Scotorum
1767 923 1999 990 natura,
2046 918 2414 995 investigem.

714 1004 958 1064 Omissis
1005 1006 1191 1083 igitur
1236 1008 1527 1082 omnibus,
1574 1028 1724 1084 qnae
1765 1007 1921 1074 scire
1968 1013 2168 1066 nostra
2213 1006 2309 1065 hic
2354 1028 2470 1065 non
2504 1007 2823 1079 interest,

538 1093 597 1151 id
643 1095 828 1152 solum
870 1115 1238 1171 quaeramus,
1285 1103 1485 1155 utrum
1519 1117 1649 1156 cum
1680 1095 1958 1173 pontifice
1991 1095 2261 1154 Romano
2293 1096 2558 1154 Patricio
2590 1097 2823 1154 fuerit

536 1183 902 1243 necessitudo
915 1230 928 1257 ‚
985 1204 1185 1244 necne.
1277 1185 1469 1258 Quam
1514 1208 1639 1245 rem
1685 1192 1752 1244 ut
1797 1184 2123 1260 dijudicare
2170 1186 2488 1264 possimus,
2534 1186 2818 1263 profici·

537 1279 763 1332 scentes
810 1295 845 1332 a
891 1275 1283 1352 posteriorum
1330 1283 1662 1354 temporum
1708 1274 2064 1334 testimoniis
2096 1275 2171 1332 ad
2203 1276 2531 1334 vetustiora
2574 1297 2816 1334 ascen·

534 1361 755 1422 damus.
833 1363 1047 1440 Itaque
1093 1365 1350 1443 primum
1398 1366 1470 1424 de
1518 1365 1657 1425 vitis
1690 1364 1940 1424 Patricii
1987 1364 2299 1423 dicendum
2342 1370 2446 1423 est.
2525 1364 2622 1421 Ex
2656 1385 2813 1423 om-

532 1452 734 1525 nibus,
794 1459 1086 1531 quotquot
1138 1474 1399 1531 unquam
1455 1457 1694 1513 fuerunt
1741 1489 1824 1498 —-
1872 1454 2181 1531 sexaginta
2242 1474 2344 1511 sex
2402 1454 2474 1511 de
2520 1454 2813 1512 Patricii

532 1542 718 1617 gestis
776 1543 1009 1601 libellos
1070 1545 1390 1618 exstitisse,
1453 1551 1774 1621 antequam
1819 1543 2151 1602 Normanni
2194 1542 2551 1601 Hiberniam
2613 1544 2807 1601 ferro

533 1630 776 1706 ignique
823 1630 1221 1707 devastarent,
1268 1633 1535 1712 prodidit
1563 1634 1610 1692 J
1611 1633 1869 1692 ocelinus
1914 1632 2020 1692 vit.
2052 1633 2218 1691 Patr.
2268 1652 2314 1691 c.
2355 1632 2433 1690 18
2482 1652 2591 1690 nro
2645 1634 2803 1690 163

534 1718 699 1795 (Act.
747 1719 852 1780 88.
901 1720 1053 1780 Boll.
1101 1723 1275 1783 Mart.
1329 1724 1406 1780 17
1456 1744 1511 1800 p.
1563 1719 1717 1798 578)
1767 1757 1850 1766 -—
1898 1722 2009 1780 hae
2056 1727 2317 1780 exstant:

584 1810 635 1867 1.
670 1811 837 1883 Quae
883 1810 946 1869 in
991 1811 1142 1869 libro
1176 1811 1594 1871 Ardmachano
1640 1817 1879 1871 exstant
1924 1811 2083 1870 vitae
2131 1812 2388 1868 omnium
2431 1810 2800 1885 antiquissi-

665 1921 821 1973 mae,
881 1920 1017 1959 nam
1078 1901 1229 1960 liber
1272 1900 1725 1960 Ardmachanus
1781 1899 2339 1977 (Trinity-Oollege
2386 1899 2632 1959 Dublin.
2682 1900 2796 1957 ed.

667 1988 766 2046 Sir
797 1989 892 2047 W.
926 1989 1197 2065 Betham,
1228 1991 1388 2050 Irish
1420 1990 1798 2068 antiquarian
1832 1990 2166 2050 researches
2198 1989 2285 2047 ΙΙ.
2339 1989 2502 2047 1827
2509 1992 2551 2064 )‚
2595 2009 2794 2064 quem

667 2076 996 2137 Schoellius
1043 2080 1204 2156 (diss.
1251 2102 1309 2158 p.
1346 2083 1453 2156 63)
1500 2079 1756 2159 putabat
1799 2076 2131 2139 inchoatum
2175 2097 2291 2137 esse
2329 2076 2435 2136 sub
2464 2073 2532 2135 X
2558 2075 2800 2137 saeculi

644 2165 855 2250 finem,
908 2164 1057 2227 XII
1098 2178 1290 2229 autem
1313 2169 1576 2254 finitum,
1624 2190 1778 2228 anno
1827 2169 2064 2228 circiter
2110 2169 2235 2226 807
2286 2173 2595 2226 exaratum
2645 2188 2790 2225 esse

669 2278 823 2316 nunc
856 2259 1095 2318 tandem
1127 2259 1287 2319 docti
1319 2261 1433 2319 viri
1466 2259 1843 2319 consentiunt
1875 2259 1969 2334 (cf.
1997 2257 2191 2317 Skene
2215 2257 2299 2328 Π,
2330 2279 2387 2334 p.
2420 2257 2499 2314 14
2525 2263 2586 2315 et
2611 2257 2785 2330 4233

666 2347 922 2406 Warren
970 2370 1026 2426 p.
1074 2349 1250 2410 XIV.
1327 2350 1408 2408 H.
1457 2349 1573 2408 and
1621 2348 1709 2408 St.
1758 2348 1844 2422 II,
1894 2349 1930 2404 2
1979 2368 2035 2424 p.
2086 2348 2210 2405 296
2260 2349 2409 2422 not).

581 2436 637 2491 2.
670 2436 817 2495 Vita
864 2438 1157 2497 attributa
1187 2439 1387 2498 Marco
1436 2439 1827 2498 anachoretae
1874 2457 2020 2497 saec.
2068 2436 2185 2510 IX,
2232 2435 2439 2494 addita
2486 2435 2785 2494 historiae

664 2525 1003 2599 Britonum,
1046 2546 1196 2602 quae
1226 2549 1539 2606 perperam
1569 2528 1806 2600 dicitur,
1838 2526 2058 2587 Nennii
2093 2526 2180 2586 ed.
2213 2524 2540 2585 Stevenson
2579 2525 2782 2597 1838,

666 2615 700 2692 ξ
750 2614 1009 2673 50-55
1058 2617 1158 2692 (cf.
1205 2615 1399 2676 Skene
1446 2616 1533 2690 Π,
1579 2640 1637 2696 p.
1686 2617 1858 2693 433).

714 2705 882 2762 3—9
933 2704 1093 2763 vitae
1149 2705 1312 2779 illae,
1373 2726 1520 2783 quas
1566 2707 1792 2785 primus
1847 2704 2038 2764 edidit
2084 2704 2381 2781 Oolganus
2429 2702 2615 2780 (Acta
2661 2701 2775 2763 88.

532 2792 862 2851 Hiberniae
887 2794 1001 2853 vol.
1026 2792 1076 2867 Ι,
1111 2793 1284 2854 Trias
1311 2794 1757 2873 Thaumaturga
1786 2795 1953 2853 1645
1977 2794 2019 2868 ¹,
2051 2795 2249 2872 vulgO,
2282 2793 2420 2870 quia
2453 2793 2775 2851 maximam

532 2881 594 2938 in
655 2888 888 2960 partem
948 2882 1075 2942 sine
1135 2884 1472 2944 nominibus
1529 2885 1787 2963 scriptae
1834 2890 1994 2958 sunt,
2057 2882 2394 2943 nominatae
2443 2903 2514 2939 ex
2560 2881 2774 2940 ordine

532 2969 650 3044 illo,
698 2991 813 3047 quo
861 2971 1161 3050 Oolganus
1208 2995 1307 3033 eas
1354 2974 1611 3033 edendas
1658 2973 1914 3033 curavit:

580 3060 635 3117 3.
670 3060 814 3120 Vita
845 3060 1010 3139 Colg.
1044 3061 1102 3121 I:
1150 3063 1440 3139 Hymnus,
1488 3064 1590 3139 qui
1637 3062 1856 3122 dicitur
1886 3061 2052 3120 Fieci
2083 3062 2266 3138 (apud
2297 3061 2375 3119 H.
2410 3060 2528 3120 and
2560 3060 2649 3119 St.
2679 3059 2771 3132 Π,

668 3151 704 3206 2
753 3172 810 3228 Ρ.
856 3150 980 3209 356
1032 3173 1159 3230 sqq.
1207 3159 1267 3211 et
1297 3153 1623 3212 Hibernico
1671 3172 1936 3211 sermone
1985 3157 2045 3209 et
2097 3171 2412 3210 conversus
2458 3149 2519 3208 in
2550 3147 2767 3226 Angli-

666 3260 874 3298 canum
920 3243 1339 3320 transscriptus
1372 3263 1443 3300 ex
1483 3240 1716 3316 Stokes,
1764 3240 2087 3299 Goidelica.
2140 3238 2307 3300 1874
2355 3261 2411 3317 p.
2451 3240 2573 3296 129
2608 3258 2766 3315 sqq.;

664 3328 892 3387 hibern.
939 3332 1098 3409 apud
1129 3330 1455 3403 Windisch,
1504 3331 1729 3390 Irische
1764 3330 1967 3389 Texte.
2019 3329 2186 3386 1880
2236 3349 2292 3405 Ρ.
2333 3329 2410 3385 10
2443 3330 2598 3405 sqq.)
2632 3348 2765 3385 cum

667 3418 898 3478 scholiis
952 3421 1164 3479 veteris
1212 3420 1513 3497 cujusdam
1563 3419 1938 3499 explicatoris
1986 3420 2160 3494 (saec.
2208 3417 2307 3475 XI
2353 3424 2423 3475 ut
2472 3417 2765 3494 putatur).

663 3508 756 3566 De
803 3509 911 3567 hoc
960 3510 1216 3569 carmine
1262 3510 1417 3568 infra
1463 3510 1652 3587 plura.

577 3596 634 3653 4.
666 3596 813 3700 Vita
860 3597 1027 3677 Colg.
1072 3599 1141 3656 II
1186 3599 1492 3766 }utraque
1555 3599 1712 3657 intra
1759 3618 1975 3656 annum
2023 3598 2147 3655 807
2201 3603 2262 3656 et
2308 3595 2543 3654 circiter
2594 3594 2763 3652 1000

579 3686 635 3743 5.
666 3685 812 3760 Vita
860 3686 1025 3767 Oolg.
1072 3688 1167 3749 IV
1241 3693 1577 3765 conscripta
1620 3685 1844 3763 (Skene
1889 3686 1976 3759 II,
2023 3707 2080 3768 p.
2128 3686 2301 3762 449).

534 3866 761 3873 ————

676 3970 695 3999 ¹
736 3968 917 4037 Quem
953 3969 1177 4033 librum,
1219 3986 1346 4022 cum
1383 3969 1567 4036 ipsum
1603 3968 1841 4037 adipisci
1879 3984 1989 4021 non
2026 3966 2310 4035 potuerim
2334 3998 2402 4006 -—
2431 3967 2591 4021 deest
2616 3967 2764 4021 enim

533 4040 703 4093 etiam
752 4042 811 4094 in
861 4040 1214 4093 bibliotheca
1255 4039 1422 4110 regia
1460 4039 1816 4093 Berolinensi
1856 4069 1923 4079 ——
1965 4039 2152 4093 omnia
2202 4055 2344 4108 quae
2392 4039 2462 4092 de
2510 4040 2578 4092 iis
2616 4038 2762 4094 vitis.

533 4128 674 4179 quae
715 4111 866 4179 apud
904 4111 1083 4165 solum
1108 4110 1421 4181 Colganum
1460 4114 1700 4173 exstant,
1742 4110 1888 4163 scitu
1925 4127 2063 4178 opus
2090 4113 2266 4173 erant,
2308 4114 2581 4177 quantum
2606 4109 2765 4179 potui

533 4200 600 4234 ex
639 4198 830 4234 eorum
868 4182 1055 4247 libris,
1110 4181 1207 4250 qui
1243 4182 1370 4249 ipso
1411 4180 1662 4250 Colgano
1701 4182 1785 4235 usi
1825 4185 1981 4246 sunt,
2034 4181 2266 4235 contuli.
2344 4179 2460 4233 Sed
2498 4199 2650 4246 cum,
2703 4186 2766 4234 ut

531 4254 654 4321 ipse
693 4253 875 4306 lector
912 4253 1148 4318 videbit,
1190 4269 1382 4306 earum
1421 4254 1668 4306 vitarnm
1705 4253 2013 4306 auctoritas
2051 4269 2230 4320 paene
2270 4252 2427 4305 nulla
2466 4253 2556 4318 sit,
2597 4269 2765 4321 spero

531 4325 668 4390 fore,
710 4328 772 4378 ut
809 4325 914 4378 hoc
953 4325 1090 4377 mihi
1129 4324 1268 4378 vitio
1307 4341 1421 4376 non
1459 4327 1730 4378 vertatur.
