3025 4909
14 3599 65 3674 ‘1

405 1300 810 1390 Bonifatium,
868 1314 1226 1376 Germaniae
1247 1381 1253 1388 ,
1274 1316 1633 1395 apostolum,
1688 1314 2037 1394 pontificum
2082 1312 2486 1375 Romanorum

241 1410 542 1485 legatum,
589 1405 993 1485 prohibuisse,
1043 1406 1356 1482 quominus
1401 1406 1463 1463 in
1510 1404 1835 1465 Germania
1880 1406 2122 1465 ecclesia
2169 1406 2486 1465 constitue-

242 1503 431 1569 retur,
478 1516 630 1572 quae
660 1500 894 1554 tantum
926 1495 1018 1554 sui
1049 1494 1259 1554 similis
1291 1500 1459 1568 esset,
1505 1514 1580 1553 ne
1611 1493 1655 1552 ii
1687 1495 1924 1571 quidem
1954 1500 2206 1573 possunt
2252 1515 2487 1572 negare,

245 1586 352 1664 qui
391 1588 527 1660 jure
573 1584 875 1643 affirmant
922 1583 1224 1643 ecclesiam
1280 1584 1524 1642 liberam
1571 1584 1940 1662 temporibus
1990 1584 2165 1642 medii
2210 1584 2342 1643 aevi
2387 1605 2488 1642 ne-

246 1695 364 1752 que
406 1674 470 1731 in
503 1671 825 1732 Germania
856 1691 1048 1749 neque
1080 1672 1224 1731 alibi
1268 1673 1530 1750 potuisse
1577 1672 1876 1732 exsistere.
1965 1674 2118 1734 Nam
2166 1674 2323 1731 inter
2367 1693 2488 1731 om-

245 1784 352 1822 nes
394 1767 626 1821 constat
656 1762 1026 1821 Bonifatium
1073 1767 1151 1835 et,
1199 1762 1302 1837 qui
1348 1782 1492 1839 opus
1540 1765 1667 1837 ejus
1714 1762 1963 1839 excepit,
2011 1762 2291 1821 Carolum
2324 1762 2488 1837 Mag·

245 1871 390 1910 num
435 1852 821 1910 fundamenta
861 1850 1074 1926 jecisse
1122 1849 1400 1909 ecclesiae
1446 1851 1605 1909 illius
1650 1851 2243 1910 romano-catholicae
2262 1896 2276 1923 ,
2339 1870 2490 1927 quae

246 1962 435 2017 usque
481 1940 558 1997 ad
602 1945 872 2018 tempora
917 1939 1173 1998 Lutheri
1232 1939 1296 1998 in
1343 1938 1664 2002 Germania
1721 1940 2069 2018 perduravit
2128 1941 2489 1998 inconcussa.

247 2030 384 2104 Qua
430 2030 502 2087 de
551 2048 727 2088 causa
759 2030 831 2087 de
863 2028 1168 2087 Bonifatio
1216 2034 1376 2088 recte
1424 2049 1540 2087 non
1580 2029 1937 2104 judicabunt
1982 2029 2114 2102 nisi,
2163 2030 2265 2106 qui
2312 2048 2489 2106 quae-

247 2119 472 2192 sierint,
523 2118 626 2194 qui
672 2118 858 2176 fuerit
902 2118 963 2175 in
997 2115 1320 2177 Germania
1368 2118 1643 2176 ecclesiae
1689 2125 1898 2191 status,
1946 2124 2264 2194 antequam
2309 2117 2492 2175 Boni-

250 2208 432 2267 fatius
482 2207 846 2266 adventavit.
939 2206 1156 2283 Itaque
1205 2227 1335 2264 cum
1382 2206 1443 2265 in
1475 2205 1799 2265 Germania
1846 2212 1985 2265 ante
2016 2206 2387 2266 Bonifatium
2434 2211 2495 2264 et

250 2297 395 2375 ipsis
427 2295 721 2355 Bonifatii
751 2295 1122 2373 temporibus
1155 2294 1363 2355 Scotos
1393 2295 1792 2372 Britonesque
1823 2296 2270 2374 peregrinantes
2318 2315 2493 2355 evan-

251 2386 470 2462 gelium
503 2386 873 2463 praedicasse
907 2389 1155 2457 constet,
1202 2385 1290 2458 iis,
1340 2404 1589 2461 quorum
1619 2384 1869 2444 interest
1907 2385 2033 2443 sine
2080 2385 2213 2443 odio
2262 2390 2323 2443 et
2369 2384 2495 2443 sine

253 2474 481 2532 invidia
526 2473 599 2532 de
645 2473 951 2533 Bonifatio
993 2473 1279 2547 judicare,
1328 2479 1465 2532 ante
1510 2473 1708 2532 omnia
1756 2474 2156 2550 quaerendum
2204 2480 2310 2546 est,
2358 2472 2493 2530 Bri-

250 2569 457 2621 tonum
503 2561 935 2639 Scotorumque
981 2562 1262 2621 ecclesiae
1307 2562 1508 2638 quales
1564 2562 1787 2620 fuerint
1842 2583 2068 2635 mores,
2134 2582 2283 2639 quae
2340 2562 2493 2620 ratio

255 2650 532 2709 credendi
577 2657 639 2709 et
683 2650 943 2711 vivendi.

429 2739 581 2797 Eam
626 2739 817 2817 ipsam
864 2740 940 2797 ob
988 2759 1221 2798 causam
1262 2743 1388 2815 jam
1419 2739 1807 2816 Rettbergius
1854 2739 1928 2796 de
1958 2739 2265 2798 Bonifatio
2312 2740 2496 2798 verba

255 2829 520 2888 dicturus
580 2848 770 2906 pauca
830 2828 903 2886 de
966 2828 1286 2887 Britonum
1358 2828 1599 2888 ecclesia
1676 2827 1956 2887 disseruit
2017 2824 2491 2908 (Kirchenyesch.

254 2912 686 2976 Deutschlands
730 2916 781 2991 I,
813 2938 872 2995 p.
907 2917 1303 2994 317—324).
1393 2917 1475 2976 Et
1539 2918 1697 2994 quod
1757 2922 1902 2976 tunc
1948 2917 2234 2995 temporis
2282 2936 2495 2995 oppor-

254 3011 463 3064 tunum
511 3011 670 3079 erat,
732 3005 909 3064 hodie
957 3006 1350 3065 necessarium
1398 3026 1522 3064 esse
1570 3026 1737 3065 nemo
1783 3005 2115 3083 ignorabit,
2178 3006 2280 3082 qui
2341 3005 2495 3063 forte

256 3094 500 3171 legerit,
563 3115 714 3171 quae
775 3094 1085 3153 Ebrardus
1138 3095 1394 3172 vestigia
1455 3114 1705 3171 sequens
1752 3094 1980 3153 Heberi
2035 3088 2177 3170 (Die
2220 3091 2493 3153 vor-karo-

259 3179 569 3263 linyischen
619 3177 1123 3244 Glaubemlzelden
1168 3203 1268 3242 am
1314 3179 1525 3242 Rhein.
1576 3186 1749 3260 1858)
1796 3184 1869 3242 de
1914 3183 2231 3242 Britonum
2289 3180 2496 3241 Scoto-

257 3292 503 3348 rumque
536 3272 778 3332 ecclesia
810 3272 870 3330 in
916 3273 1103 3331 lucem
1151 3272 1404 3350 protulit
1445 3273 1724 3350 (primum
1757 3272 1819 3330 in
1849 3272 2135 3333 Niedneri
2166 3267 2499 3354 Zeitcchmft

245 3359 356 3444 fiir
395 3359 453 3420 d.
487 3358 683 3421 histor.
726 3359 786 3420 T
780 3357 923 3421 lteol.
976 3363 1125 3423 1862
1171 3369 1223 3420 et
1271 3362 1422 3421 1863
1467 3366 1527 3421 et
1572 3362 1765 3420 denuo
1812 3361 1874 3419 in
1920 3361 2091 3434 libro,
2141 3361 2245 3438 qui
2289 3361 2496 3419 inscri-

258 3451 420 3508 bitur
464 3445 585 3509 Die
626 3446 1047 3511 iroschottiwlze
1076 3446 1565 3511 Missiomlcirohe.
1616 3453 1723 3510 187
1726 3452 1807 3527 3).
1900 3451 2150 3524 Qualem
2196 3451 2269 3508 de
2316 3449 2498 3507 Boni-

257 3539 404 3598 fatio
452 3538 760 3598 Ebrardus
806 3539 1013 3598 tulerit
1057 3540 1412 3599 sententiam
1431 3582 1445 3611 ,
1491 3539 1711 3597 nemini
1759 3539 2038 3598 credibile
2084 3540 2199 3597 erit
2245 3538 2358 3596 nisi
2404 3538 2497 3610 iis,

261 3620 363 3705 qui
409 3628 594 3687 oculis
640 3648 790 3704 quae
835 3628 1144 3687 Ebrardus
1192 3630 1273 3706 (p.
1308 3627 1462 3704 454)
1509 3628 1749 3705 scripsit
1794 3627 2191 3706 inspexerint:
2255 3626 2497 3685 Bonifa-

259 3718 424 3791 tium,
474 3717 644 3794 regni
674 3716 898 3776 Christi
942 3717 1263 3791 inimicum,
1311 3737 1545 3776 servum
1575 3717 1969 3790 tenebrarum,
2018 3717 2304 3793 longaevo
2337 3715 2497 3775 vitae

262 3825 398 3864 suae
443 3812 711 3884 tempore
756 3806 818 3864 in
865 3806 1221 3865 destruendo
1268 3826 1450 3883 regno
1496 3805 1724 3866 Christi
1767 3811 2009 3884 peracto
2056 3806 2267 3864 merito
2315 3805 2498 3863 inter-

262 3895 480 3953 fectum
527 3915 654 3954 esse
700 3916 736 3953 a
780 3895 1056 3973 paganis,
1104 3895 1326 3974 quippe
1375 3895 1478 3973 qui
1523 3895 1744 3973 pagani
1790 3915 1907 3953 non
1949 3898 2073 3973 jam
2119 3895 2398 3969 fuissent,
2447 3895 2499 3954 si

263 3984 360 4042 ille
405 4003 611 4043 revera
656 3984 890 4057 fuisset,
952 3983 1056 4060 qui
1101 3984 1469 4058 nominatur,
1519 3984 1873 4044 Germaniae
1920 3985 2240 4063 apostolus.
2333 3985 2499 4058 Quae

264 4073 588 4146 sententia,
653 4073 765 4132 etsi
811 4093 926 4131 non
974 4093 1128 4131 nova
1175 4080 1265 4133 est
1311 4109 1399 4119 —
1446 4073 1893 4133 Centuriatores
1939 4073 2096 4132 enim
2142 4073 2497 4151 Magdebur-

263 4181 469 4239 genses
491 4160 679 4220 simile
698 4161 989 4236 judicium
1020 4162 1287 4221 fecerunt
1309 4198 1408 4237 —,
1439 4168 1639 4222 tamen
1670 4184 1823 4223 nova
1855 4163 2101 4222 audacia
2133 4163 2207 4222 ab
2224 4162 2497 4221 Ebrardo

265 4251 495 4329 prolata
541 4257 648 4310 est.
738 4251 1133 4311 Nihilosecius
1185 4252 1652 4311 commenticiam
1694 4272 1821 4311 eam
1871 4272 1996 4311 esse
2042 4252 2128 4310 ita
2175 4252 2498 4310 dilucidum

266 4346 369 4413 est,
415 4344 485 4398 ut
531 4339 635 4416 qui
678 4340 876 4417 paullo
922 4345 1061 4417 post
1107 4340 1179 4398 de
1225 4340 1529 4399 Bonifatio
1577 4341 1871 4414 disseruit,
1917 4341 2236 4399 Muellerus
2283 4338 2496 4414 (Boni—

2039 4443 2068 4495 1
