3025 4909
1469 180 1859 236 -6-

536 368 597 420 et
642 360 706 419 in
749 358 1047 418 Hibernia
1093 358 1411 437 praecipue
1459 377 1639 435 opera
1670 356 1997 415 Malachiae
2044 355 2475 436 archiepiscopi
2507 355 2577 432 (†
2616 355 2789 413 1148

430 459 437 464 '
535 451 606 508 cf.
654 447 873 522 Scholl,
920 448 1181 524 Herzog,
1228 447 1304 505 R.
1350 446 1421 503 E.
1477 448 1530 504 1.
1574 445 1735 505 Aufl.
1784 445 1919 505 Art.
1967 446 2286 505 Malachias
2335 447 2394 519 8,
2440 467 2498 524 p.
2548 445 2678 502 749
2733 452 2794 504 et

535 538 672 597 Art.
719 536 975 595 Guldeer
1023 537 1091 609 3,
1154 556 1211 612 p.
1266 535 1416 610 198)
1478 541 1539 593 et
1600 535 1660 592 in
1723 534 1925 594 Scotia
1980 534 2251 612 inprimis
2311 534 2565 594 Davidis
2627 534 2793 610 regis

535 624 1031 702 (1124—1153)
1079 631 1140 683 et
1185 623 1441 682 Roberti
1487 624 1779 702 episcopi,
1849 623 2010 682 illius
2056 624 2351 701 aequalis,
2422 643 2603 699 opera
2647 625 2792 681 sub-

535 713 766 773 stitutis
812 713 873 772 in
921 733 1120 772 eorum
1168 714 1362 772 locum
1410 712 1708 771 canonicis
1762 713 1871 771 sub
1920 713 2246 790 Augustini
2290 712 2496 789 regula
2544 712 2792 770 canoni-

536 803 649 862 cali
680 803 1019 862 viventibus
1050 801 1274 877 (Skene
1302 800 1389 874 Il,
1433 823 1490 879 p.
1527 802 1654 860 384
1687 804 1859 879 sqq.).
1953 800 2196 875 Tamen,
2245 802 2356 861 etsi
2404 801 2579 876 ejecti
2612 806 2795 859 erant

537 914 609 951 ex
649 891 1049 969 compluribus
1097 891 1373 964 ecclesiis,
1419 891 1483 949 in
1532 890 1881 967 quibusdam
1929 891 2132 969 paullo
2179 891 2403 950 diutius
2448 888 2795 968 privilegiis

537 982 658 1041 suis
715 981 1040 1039 utebantur
1102 979 1322 1055 (Skene
1369 979 1454 1053 II,
1515 1001 1573 1058 p.
1622 980 1748 1037 399
1798 999 1884 1055 sq.
1948 980 2094 1037 404.
2159 980 2287 1038 415
2335 982 2507 1056 sqq.)‚
2568 999 2794 1038 nomen

537 1070 716 1129 etiam
763 1069 966 1128 XV¹¹¹⁰
1012 1070 1243 1128 saeculo
1292 1069 1553 1128 occurrit
1599 1067 1829 1142 (Braun
1875 1089 1930 1145 p.
1987 1069 2107 1144 10).

715 1158 940 1217 Verum
990 1158 1291 1217 enimvero
1349 1156 1442 1216 his
1488 1156 1730 1215 Ouldeis
1790 1157 1938 1215 nihil
2002 1157 2089 1216 rei
2150 1177 2275 1216 esse
2340 1177 2472 1215 cum
2532 1157 2797 1234 antiqua

537 1247 850 1307 Scotorum
894 1247 1137 1306 ecclesia
1167 1246 1346 1305 dicas.
1439 1244 1636 1322 Atqui
1666 1245 1993 1319 Ebrardus,
2041 1247 2144 1322 qui
2190 1244 2468 1324 opinatus
2515 1245 2799 1323 legitima

537 1336 717 1395 fuisse
764 1355 963 1394 eorum
1012 1335 1386 1394 matrimonia
1446 1355 1547 1394 eos
1606 1335 1764 1412 ipsos
1824 1335 2122 1413 legitimos
2178 1335 2454 1395 ecclesiae
2511 1335 2793 1395 Scoticae

538 1425 874 1485 sacerdotes
919 1424 1100 1483 fuisse
1148 1429 1339 1502 putat,
1387 1424 1564 1483 aliter
1594 1422 1837 1482 censuit.
1929 1424 2221 1499 Majorum
2252 1444 2491 1483 suorum
2523 1445 2623 1484 eos
2655 1444 2791 1484 esse

537 1513 792 1590 vestigia
839 1518 1070 1573 secutos
1117 1511 1408 1585 affirmat,
1480 1518 1542 1570 et
1586 1532 1659 1571 ne
1706 1512 1943 1570 omnino
1991 1512 2347 1571 testimoniis
2395 1508 2594 1573 careat
2637 1513 2794 1572 haec

539 1603 758 1679 opini0,
799 1605 922 1677 jam
972 1602 1104 1660 illos
1136 1600 1396 1661 Ouldeos
1427 1602 1761 1679 appellatos
1807 1601 1989 1659 fuisse
2037 1601 2360 1661 contendit.
2451 1602 2544 1661 At
2586 1603 2792 1680 ipsum

536 1690 943 1750 testimonium
974 1688 1316 1748 testimonio
1349 1696 1500 1767 eget.
1564 1689 1681 1749 Sed
1720 1691 1962 1766 longum
1994 1697 2087 1749 est
2115 1690 2314 1749 omnia
2342 1692 2490 1750 falsa
2521 1690 2791 1749 Ebrardi

538 1787 886 1857 argumenta
917 1780 1187 1838 refellere
1221 1780 1316 1854 (cf.
1350 1787 1558 1838 contra
1575 1779 1836 1837 Ebrardi
1867 1779 2421 1838 commentationem
2454 1781 2516 1838 iu
2547 1779 2791 1838 Kahnis

539 1868 827 1929 Zeitschr.
858 1871 898 1926 f.
931 1868 987 1926 d.
1032 1868 1170 1927 hist.
1221 1867 1426 1927 Theol.
1481 1868 1648 1926 1875
1697 1889 1754 1946 p.
1789 1867 1917 1927 465
1966 1887 2094 1945 sqq.
2142 1868 2419 1945 Loening
2464 1869 2514 1927 Ι.
2560 1890 2619 1947 p.
2654 1870 2782 1927 423

537 1963 659 2016 not.
715 1959 792 2033 l).
884 1957 1158 2029 Diluam,
1217 1976 1334 2034 quo
1381 1957 1752 2036 potissimum
1801 1956 2021 2029 utitur,
2079 1964 2511 2033 argumentum.
2604 1958 2785 2017 Teste

537 2047 694 2104 enim
739 2045 1015 2104 Ebrardo
1060 2065 1275 2104 nomen
1322 2045 1680 2106 Ouldeorum
1745 2045 1808 2103 in
1869 2065 2197 2104 sermonem
2243 2046 2493 2106 latinum
2542 2066 2783 2105 conver-

537 2156 666 2194 sum
715 2140 983 2217 apparet,
1030 2134 1369 2211 ubicunque
1415 2135 1478 2193 in
1527 2134 1665 2193 vitis
1712 2141 2067 2206 sanctorum,
2116 2135 2219 2211 qui
2264 2136 2360 2194 vel
2404 2135 2521 2213 ipsi
2565 2136 2629 2193 in
2671 2135 2784 2193 Hi·

537 2223 747 2283 bernia
788 2223 916 2282 nati
961 2228 1101 2282 sunt
1147 2223 1240 2282 vel
1289 2223 1504 2301 quibus
1551 2243 1681 2282 cum
1728 2223 1949 2282 talibus
1996 2224 2367 2283 necessitudo
2414 2224 2546 2297 fuit,
2594 2224 2789 2283 sancti

537 2313 627 2371 illi
694 2313 848 2386 „viri
908 2312 1039 2370 dei“
1108 2313 1503 2390 appellantur.
1594 2312 1788 2389 Atqui
1848 2332 2063 2371 nomen
2127 2313 2387 2373 virorum
2449 2314 2545 2372 dei
2607 2314 2788 2389 longe

539 2401 714 2460 aliam
760 2401 881 2460 vim
927 2401 1171 2473 habere,
1221 2406 1402 2477 atque
1447 2401 1755 2460 Ebrardus
1799 2408 2007 2479 putat,
2054 2402 2191 2461 inde
2230 2405 2356 2478 jam
2405 2403 2788 2461 manifestum

539 2495 660 2562 est,
731 2490 888 2566 quod
935 2489 1240 2548 Romanae
1288 2510 1525 2568 quoque
1572 2488 1850 2549 ecclesiae
1896 2490 2087 2551 sancti
2133 2496 2203 2549 ut
2247 2491 2376 2569 ipse
2421 2491 2785 2564 Bonifatius,

537 2578 940 2654 Moguntinus‚
989 2584 1050 2637 et
1081 2578 1479 2651 Willibaldus,
1527 2579 2013 2652 Eichstedtensis,
2061 2580 2123 2638 in
2168 2579 2431 2657 ipsorum
2462 2580 2606 2639 vitis
2637 2599 2784 2637 non-

540 2687 863 2743 numquam
908 2667 1009 2725 illo
1041 2667 1278 2725 nomine
1309 2669 1705 2747 appellantur,
1753 2668 2122 2727 manifestius
2168 2668 2257 2740 fit,
2304 2669 2353 2727 si
2394 2672 2528 2745 jure
2560 2669 2787 2727 Skenio

538 2755 788 2831 aliisque
835 2755 1146 2815 Britannis
1193 2757 1442 2816 verbum
1475 2756 1831 2816 Culdeorum
1877 2757 2056 2815 aliter
2100 2757 2611 2834 interpretandum
2657 2777 2785 2816 esse

537 2845 729 2903 visum
776 2850 881 2903 est.
974 2844 1066 2903 De
1115 2865 1233 2921 qua
1277 2866 1342 2903 re
1388 2845 1577 2924 ipsius
1623 2845 1829 2905 Skenii
1876 2846 1986 2920 (II,
2029 2869 2086 2924 p.
2123 2845 2243 2902 251
2284 2853 2405 2904 not.
2442 2846 2551 2921 44)
2601 2847 2785 2905 verba

536 2933 962 2993 transscribere
1011 2933 1152 2992 mihi
1198 2934 1404 2994 liceat:
1472 2930 1701 3008 „Ceile“
1755 2934 1991 3010 (Culdei
2037 2934 2194 2993 enim
2240 2954 2508 2993 sermone
2555 2934 2784 2993 Celtico

538 3029 677 3081 sunt
726 3021 993 3080 Oeile-de
1040 3025 1135 3083 vel
1167 3022 1456 3100 Uele-de),
1504 3023 1716 3100 inquit,
1772 3042 1875 3098 „as
1920 3044 1960 3081 a
2004 3021 2350 3083 substantive
2393 3041 2594 3083 means
2640 3020 2780 3083 litte-

535 3107 693 3190 rally
736 3109 994 3182 „socius“
1056 3111 1399 3185 „maritus“‚
1446 3110 1544 3170 but
1588 3110 1632 3171 it
1674 3109 1782 3171 has
1826 3133 1867 3170 a
1910 3110 2234 3190 secontiam
2278 3110 2570 3193 meaniny,
2627 3130 2781 3186 „ser-

537 3206 702 3259 vus“.
778 3196 896 3258 Dr.
929 3197 1147 3261 Reeves
1190 3199 1254 3260 in
1298 3198 1387 3260 his
1432 3199 1595 3261 work
1638 3221 1715 3260 on
1757 3197 1849 3260 the
1881 3197 2113 3259 British
2148 3196 2393 3260 Culdees
2436 3199 2650 3283 adopts
2693 3196 2784 3259 the

537 3288 858 3371 secondary
915 3287 1189 3370 meaniny
1203 3333 1221 3360 ,
1292 3288 1416 3349 and
1475 3288 1766 3350 considers
1828 3286 1951 3348 that
2008 3287 2053 3348 it
2107 3286 2156 3348 is
2211 3287 2426 3371 simply
2488 3286 2579 3349 the
2639 3285 2782 3349 in‘sh

536 3374 855 3458 equivalent
901 3376 975 3458 of
1007 3396 1202 3437 servus
1247 3376 1345 3437 dei
1356 3421 1370 3450 ,
1432 3374 1647 3448 which,
1708 3375 1777 3436 he
1821 3396 1958 3457 says
1972 3421 1990 3449 ,
2053 3397 2176 3437 was
2221 3374 2311 3436 the
2357 3376 2642 3458 ordinary
2686 3396 2779 3438 ew-

527 3464 797 3549 pression
824 3465 938 3549 for
981 3487 1020 3525 a
1064 3464 1266 3536 monle,
1313 3466 1437 3526 and
1480 3462 1650 3527 hence
1694 3475 1870 3527 starts
1915 3463 2053 3525 with
2098 3464 2190 3527 the
2233 3465 2614 3546 assumption,
2662 3463 2783 3526 that

536 3552 628 3615 the
663 3551 941 3615 Ceile-De
986 3574 1132 3614 were
1175 3552 1392 3635 simply
1435 3554 1655 3616 monks.
1749 3552 1999 3615 Ebrard
2029 3556 2126 3631 (de
2172 3576 2291 3632 quo
2336 3557 2451 3615 nisi
2497 3556 2609 3615 hoc
2653 3557 2781 3614 loco

538 3650 599 3703 et
642 3666 699 3722 p.
744 3646 871 3703 226
920 3645 1080 3722 apud
1126 3643 1428 3717 Skenium,
1475 3645 1590 3703 nisi
1636 3645 1828 3717 fallor,
1878 3657 1996 3703 n‘on
2041 3643 2112 3703 fit
2157 3645 2405 3722 mentio)
2449 3641 2651 3725 rejects
2693 3641 2784 3703 the

538 3732 851 3815 renderinq
897 3731 970 3813 by
1015 3751 1210 3792 servus
1256 3731 1366 3803 dei,
1414 3733 1539 3792 and
1583 3753 1858 3815 supposes
1874 3778 1891 3804 ‚
1937 3730 2061 3791 that
2106 3731 2152 3791 it
2196 3732 2246 3793 is
2290 3730 2381 3792 the
2424 3730 2586 3793 Irish
2630 3731 2780 3816 equi-
2815 3729 2820 3736 ’

536 3819 730 3882 valera*
791 3820 864 3902 of
911 3819 1001 3880 vir
1060 3818 1158 3880 dei
1166 3840 1187 3890 ,⁶
1256 3819 1353 3880 but
1397 3818 1508 3881 this
1554 3822 1605 3882 is
1648 3819 1766 3882 still
1806 3841 1969 3882 more
2014 3817 2432 3902 obJ‘ectionable.
2540 3817 2646 3881 Vir
2690 3820 2787 3883 dei

538 3931 660 3970 was
706 3931 745 3968 a
790 3918 938 3968 term
982 3906 1227 3991 applied
1270 3917 1328 3969 to
1373 3907 1456 3970 alc
1498 3911 1679 3971 saints
1725 3909 1800 3993 of
1831 3908 2116 3970 whatever
2160 3907 2309 3970 class
2325 3956 2338 3983 ‚
2402 3910 2527 3971 and
2575 3909 2639 3970 in
2692 3908 2783 3971 the

539 3997 720 4079 litany
765 3994 840 4079 of
871 3992 1111 4078 Anqus,
1159 3995 1289 4058 who
1334 3996 1578 4081 himseif
1609 3997 1744 4059 bore
1788 3997 1879 4060 the
1921 4019 2095 4060 name
2140 3997 2215 4081 of
2251 3995 2533 4060 Ceae-De
2577 4020 2648 4060 or
2690 3996 2782 4060 the

543 4082 757 4147 Culdee
803 4089 914 4163 (ca.
963 4087 1124 4165 800)
1170 4085 1216 4145 it
1257 4086 1309 4146 is
1353 4085 1675 4148 translated
1721 4083 2005 4159 Fer-De,
2069 4086 2167 4147 but.
2210 4086 2272 4147 in
2316 4084 2409 4146 the
2447 4084 2665 4168 9losses
2709 4107 2783 4147 οη

539 4171 631 4234 the
667 4170 732 4233 F
728 4172 864 4234 elire
895 4177 1003 4250 (==
1036 4175 1398 4253 festilogium
1431 4178 1529 4235 vel
1567 4176 1796 4254 feriale)
1845 4174 1919 4258 of
1952 4172 2160 4258 Anyus
2205 4172 2296 4236 the
2342 4175 2510 4235 word
2542 4173 2693 4237 Ceile
2733 4174 2784 4235 is

535 4261 765 4345 ylossed
798 4260 1021 4336 C'araiz
1070 4283 1138 4324 or
1165 4262 1436 4345 friend&
1528 4266 1667 4344 Ipse
1700 4265 1955 4324 Skenius
1986 4266 2131 4342 quid
2161 4266 2381 4325 sentiat
2425 4266 2497 4323 de
2543 4264 2782 4324 notione
