3025 4909
1461 202 1901 259 -92-

567 381 992 457 (596—613),
1054 379 1158 456 qui
1218 377 1600 439 childeberto
1658 377 1820 458 patri
1878 378 1940 438 in
2006 378 2358 457 Bmgundia
2419 383 2858 450 successerat,

575 470 901 532 Columbae
946 474 1195 547 propter
1237 488 1375 528 suas
1413 501 1500 516 --
1539 468 1728 546 ipsius
1774 466 2127 528 Theoderici
2158 501 2238 514 -
2271 488 2367 527 res
2406 471 2532 544 jam
2577 467 2858 527 dudum

569 558 842 619 inimicus
903 577 1033 616 eum
1095 556 1510 635 comprehendi
1564 558 1745 633 jussit
1796 562 1857 616 et
1900 577 2010 634 per
2051 556 2316 634 Ligerim
2359 556 2859 617 Nannetensem

568 648 632 706 in
685 648 893 706 urbem
948 652 1423 723 transportatum
1468 646 1532 705 in
1576 646 1835 724 patriam
1879 645 2299 706 remittendum
2339 646 2591 706 curavit.
2703 644 2856 706 Sed

567 736 856 796 Columba
914 735 1058 794 data
1117 733 1384 812 fugiendi
1440 735 1726 794 facultate
1780 734 1913 812 ipsa
1954 734 2324 795 Nannetensi
2365 736 2515 794 urbe
2562 736 2851 814 elapsus

565 826 642 890 ad
673 824 1151 885 Theodebertum
1179 823 1267 897 II,
1313 822 1667 883 Austrasiae
1709 843 1927 901 regem,
1969 824 2218 883 fratrem
2262 822 2638 898 Theodorici,
2677 844 2848 902 per-

564 914 733 974 venit
800 919 864 973 et
931 914 1006 973 ab
1075 931 1145 970 eo
1208 919 1567 991 potestatem
1629 912 1858 990 accepit
1916 912 2230 974 habitandi
2292 917 2354 972 et
2415 913 2850 991 praedicandi

568 1002 949 1080 Brigantiae,
1007 1001 1072 1062 in
1114 1002 1263 1061 urbe
1309 1001 1643 1062 Helvetiae.
1733 1000 1884 1060 Inde
1929 1001 2123 1061 tribus
2168 1008 2305 1079 post
2349 1003 2522 1062 annis
2567 1002 2848 1062 insidiis

568 1090 921 1151 Theudorici
981 1091 1194 1149 cedens
1248 1090 1400 1150 abiit
1453 1092 1517 1150 in
1561 1089 1803 1150 Italiam
1847 1090 2050 1166 ibique
2094 1091 2410 1151 Bobiensis
2455 1091 2847 1152 monasterii

566 1182 642 1240 ab
689 1181 821 1258 ipso
853 1179 1076 1239 conditi
1116 1179 1343 1257 primus
1372 1181 1558 1240 abbas
1588 1200 1744 1239 anno
1779 1179 1925 1251 615,
1969 1186 2041 1239 ut
2069 1179 2325 1252 videtur,
2371 1180 2497 1240 vita
2528 1179 2843 1241 decessit.

743 1268 912 1329 Haec
967 1267 1041 1326 de
1085 1268 1211 1328 vita
1257 1266 1597 1328 Columbae.
1672 1268 1766 1327 De
1813 1267 2076 1328 moribus
2120 1272 2248 1345 ejus
2294 1268 2438 1346 quid
2483 1269 2839 1330 dicendum

564 1359 662 1433 sit,
707 1358 898 1436 magis
941 1363 1146 1417 nostra
1189 1357 1456 1418 interest.
1489 1392 1574 1404 —
1607 1358 1725 1432 Qui
1770 1364 1967 1417 essent
1996 1356 2308 1418 Scotorum
2339 1378 2531 1417 mores
2569 1358 2841 1436 proprii

563 1449 627 1508 in
673 1447 964 1508 Columba
1022 1452 1085 1505 et
1141 1446 1206 1504 in
1264 1445 1439 1506 sociis
1492 1450 1621 1522 ejus
1665 1446 1834 1505 brevi
1881 1446 2188 1525 apparuit,
2249 1466 2388 1506 nam
2432 1443 2836 1507 Scoticarwn

563 1534 923 1600 tratitz'omcm
966 1533 1359 1595 tenacissimus
1403 1543 1755 1595 consectator
1798 1556 1916 1594 non
1956 1536 2083 1594 sine
2114 1536 2316 1612 aliquo
2343 1539 2478 1612 ‚iure
2510 1533 2834 1596 Columba

564 1624 897 1703 appellatus
920 1631 1013 1683 est
1035 1623 1098 1682 in
1122 1623 1321 1684 codice
1346 1624 1602 1702 quodam
1625 1629 1861 1684 vetusto
1887 1624 2261 1700 sangallensi
2284 1623 2525 1700 (Greith
2546 1646 2606 1703 p.
2626 1625 2828 1701 295).

566 1713 686 1774 Sed
733 1712 969 1790 quando
1017 1714 1420 1772 controversia
1463 1712 1539 1772 de
1586 1712 1898 1774 Scotorum
1942 1713 2207 1773 moribus
2251 1714 2315 1772 in
2346 1712 2543 1773 Gallia
2590 1721 2828 1774 exorta

563 1804 662 1876 sit,
708 1803 1041 1862 accuratius
1086 1800 1319 1860 definiri
1363 1822 1483 1861 non
1529 1808 1744 1880 potest.
1832 1802 2102 1862 Primum
2147 1803 2585 1862 controversiae
2631 1803 2826 1863 testi·

564 1892 828 1954 monium
873 1890 1133 1952 occurrit
1177 1890 1348 1950 nobis
1392 1891 1588 1969 prima
1634 1892 1721 1968 [et
1764 1911 1900 1964 una,
1947 1910 2099 1967 quae
2137 1891 2216 1951 ad
2244 1898 2512 1952 nostram
2541 1897 2822 1952 aetatem

564 1979 911 2060 permansit]
960 1979 1282 2040 Columbae
1327 1980 1587 2057 epistula
1630 1979 1708 2040 ad
1737 1978 2096 2058 Gregorium
2126 1980 2406 2057 Magnum
2452 1980 2646 2053 missa,
2697 1980 2821 2042 sed

566 2089 705 2146 quo,
729 2076 998 2147 tempore
1041 2068 1147 2126 illa
1178 2068 1515 2148 conscripta
1545 2069 1641 2142 sit,
1687 2069 1995 2141 nescimus,
2044 2070 2316 2146 quamvis
2343 2068 2666 2128 verisimile
2703 2069 2815 2142 sit,

563 2178 693 2218 eam
753 2156 1184 2236 posterioribus
1243 2157 1444 2235 potius
1490 2156 1771 2234 Gregorii
1830 2159 2002 2216 annis
2056 2165 2359 2217 exaratam
2405 2178 2557 2231 esse,
2620 2177 2817 2235 quam

565 2246 915 2327 prioribus.²
990 2245 1241 2305 Publice
1300 2246 1513 2306 deinde
1574 2245 1883 2305 duodecim
1928 2247 2099 2306 annis
2143 2254 2282 2325 post
2326 2246 2648 2307 Columbae
2701 2245 2815 2321 „in

563 2341 855 2396 ενεᾱηηιτηιι
909 2335 1230 2395 adventum
1277 2337 1394 2413 (ep.
1443 2336 1500 2409 2,
1547 2335 1708 2394 Bibl.
1755 2356 1908 2395 max.
1953 2334 2106 2410 XII,
2153 2358 2210 2414 p.
2260 2336 2342 2394 25
2376 2334 2459 2412 G)
2508 2370 2593 2382 —-
2639 2356 2808 2395 anno

566 2426 694 2483 602
743 2425 837 2483 vel
886 2424 1031 2496 603,
1076 2430 1145 2483 ut
1189 2423 1446 2497 videtur,
1495 2458 1574 2470 -
1622 2424 1688 2484 in
1732 2424 1957 2501 synodo
2005 2423 2295 2503 quadam²
2339 2433 2538 2484 actum
2584 2431 2674 2485 est
2719 2424 2808 2486 de

563 2512 980 2573 controversia.
1052 2510 1158 2570 Ad
1199 2532 1374 2589 quam
1406 2513 1695 2590 synodum
1724 2513 2016 2573 Columba
2045 2534 2176 2573 cum
2206 2513 2335 2591 ipse
2364 2514 2565 2573 venire
2593 2515 2809 2587 nollet,

560 2620 633 2662 ne
660 2599 825 2682 forte
869 2599 1227 2661 contenderet
1257 2619 1542 2681 praecem
1587 2609 1790 2661 contra
1832 2599 2086 2684 apostoli
2111 2601 2333 2664 dictum
2363 2600 2632 2664 dicem.-
2673 2600 2813 2663 noli

561 2688 746 2750 verbis
806 2688 1142 2751 contendere
1200 2692 1319 2766 (ep.
1368 2691 1433 2762 2,
1480 2712 1539 2768 p.
1585 2691 1670 2749 25
1716 2692 1832 2767 H),
1891 2691 2130 2769 scripsit
2187 2691 2265 2751 ad
2322 2699 2525 2770 patres
2585 2692 2807 2769 synodi

562 2780 891 2858 epistolam,
939 2798 1092 2855 quae
1137 2783 1334 2840 exstat
1378 2779 1638 2839 secunda
1685 2779 1866 2855 (Bibl.
1912 2800 2065 2839 max.
2097 2779 2249 2855 XII,
2294 2800 2354 2858 p.
2401 2781 2487 2839 24
2534 2784 2709 2858 sqq.).

739 2866 871 2927 Has
916 2867 1063 2926 duas
1108 2867 1406 2945 epistolas,
1453 2868 1615 2927 illam
1662 2868 1739 2926 ad
1770 2867 2129 2946 Gregorium
2174 2874 2235 2929 et
2276 2870 2430 2930 hanc
2476 2870 2554 2930 ad
2595 2875 2809 2948 patres

562 2955 773 3033 synodi
816 2954 1081 3028 missam,
1141 2977 1272 3015 cum
1319 2956 1732 3031 conscriberet,
1780 2956 2103 3017 Columbae
2147 2957 2410 3017 nondum
2452 2958 2807 3037 persuaderi

560 3049 800 3125 poterat
843 3042 1155 3105 Gallorum
1212 3044 1550 3104 celebrandi
1592 3046 1731 3105 festi
1774 3046 2068 3125 paschalis
2114 3066 2337 3107 morem
2381 3067 2632 3125 pravum
2678 3068 2805 3107 non

708 3239 730 3270 ¹
768 3237 1059 3292 Greithius
1100 3238 1181 3305 (p.
1210 3236 1339 3306 266)
1378 3236 1657 3304 epistulae
1696 3240 1942 3291 aetatem
1979 3236 2219 3292 indicari
2257 3242 2423 3307 putat
2458 3254 2801 3294 commemo-

563 3312 688 3362 rato
741 3325 774 3361 a
824 3307 1098 3362 Columba
1138 3306 1393 3361 Candido
1444 3309 1779 3376 presbytero
1833 3325 1868 3362 a
1906 3307 2183 3377 Gregorio
2223 3310 2283 3362 in
2320 3309 2569 3364 Galliam
2604 3311 2797 3375 missu,

564 3379 664 3433 sed
714 3382 773 3431 et
811 3377 1098 3434 Candidus
1188 3381 1275 3432 ost
1312 3395 1519 3431 annum
1557 3379 1787 3433 circiter
1823 3379 1927 3433 595
1973 3378 2068 3449 (cf.
2111 3379 2282 3449 Greg.
2322 3381 2412 3434 sd.
2454 3379 2660 3445 Cand.;
2701 3397 2798 3451 op.

563 3450 651 3503 ed.
691 3449 905 3503 Bened.
946 3447 1024 3512 Π,
1064 3465 1119 3517 p.
1147 3395 1279 3518 396)
1318 3449 1636 3520 complures
1674 3466 1848 3504 annos
1884 3450 1943 3503 in
1982 3449 2172 3505 Gallia
2208 3452 2541 3506 versabatur
2579 3452 2676 3521 (cf.
2705 3468 2797 3522 ep.

563 3520 735 3589 Greg.
778 3520 866 3574 ad.
910 3519 1116 3584 Cand.;
1152 3536 1245 3588 op.
1284 3519 1364 3587 H,
1411 3538 1466 3589 p.
1509 3521 1673 3589 1171)
1722 3525 1795 3586 et,
1848 3525 1986 3591 quot
2020 3522 2303 3577 mensibus
2339 3523 2433 3576 vel
2470 3524 2629 3578 annis
2664 3528 2803 3591 post

562 3592 716 3646 illius
755 3591 1059 3647 adventum
1095 3591 1340 3659 epistula
1367 3591 1678 3646 Columbae
1714 3592 1928 3661 scripta
1964 3594 2053 3659 sit,
2095 3595 2155 3647 in
2191 3594 2415 3647 occulto
2453 3595 2613 3649 latet.
2678 3592 2798 3647 Sed

560 3662 904 3717 Laurentius
944 3661 1368 3727 Cantuarensis‚
1422 3663 1532 3717 nisi
1577 3664 1847 3718 mentitus
1894 3668 1981 3718 est
2017 3665 2202 3734 (Beda
2238 3666 2292 3721 h.
2334 3683 2382 3719 e.
2424 3667 2475 3732 2,
2513 3665 2565 3731 4,
2606 3666 2635 3736 ξ
2676 3663 2790 3733 98),

562 3734 634 3788 de
673 3732 947 3788 Columba
995 3751 1109 3786 non
1156 3733 1377 3787 audivit
1420 3734 1534 3789 nisi
1580 3739 1948 3805 postquam
1995 3736 2262 3791 Britones
2309 3737 2603 3805 cognovit,
2653 3752 2793 3804 ergo

562 3807 694 3873 post
740 3821 949 3859 annum
993 3805 1095 3860 597
1139 3805 1231 3859 vel
1280 3805 1468 3873 potius
1513 3807 1635 3874 6013
1691 3808 1859 3876 quod,
1914 3824 2040 3859 cum
2083 3806 2600 3877 frequentissimum
2644 3824 2795 3862 com-

562 3875 835 3929 mercium
869 3880 1006 3931 tunc
1043 3875 1217 3930 fuerit
1251 3876 1404 3930 inter
1428 3878 1782 3931 Britanniam
1820 3882 1879 3932 et
1904 3877 2150 3932 Galliam
2188 3882 2249 3932 et
2272 3878 2530 3944 Romam,
2571 3884 2631 3933 et
2667 3896 2796 3933 cum

561 3946 675 4015 ipsi
714 3946 969 4001 Candido
1008 3965 1136 4002 cum
1159 3947 1479 4016 Augustino
1519 3952 1579 4003 et
1600 3947 1911 4003 Laurentio
1950 3950 2298 4004 consuetudo
2337 3950 2529 4015 fuerit,
2569 3950 2797 4005 videtur

563 4018 844 4084 indicare,
895 4019 1340 4073 controversiam
1375 4020 1532 4074 illam
1570 4021 1666 4075 vix
1702 4024 1833 4074 ante
1873 4021 2129 4074 exeuntis
2167 4021 2377 4076 saeculi
2411 4026 2635 4091 tempus
2673 4036 2795 4075 esse

560 4095 757 4143 ortam.

707 4160 731 4192 2
777 4159 944 4214 Hanc
1006 4161 1280 4228 synodum
1335 4161 1779 4233 intellegendam
1836 4177 1957 4215 esse
2012 4163 2286 4230 synodum
2339 4163 2798 4220 Cabillonensem

563 4231 697 4285 anni
735 4231 838 4287 603
877 4232 1205 4301 conjectura
1242 4234 1605 4302 sagacissima
1641 4234 1901 4302 opinatus
1927 4237 2028 4287 'est
2053 4234 2345 4290 Hertelius
2371 4267 2440 4276 —
2466 4235 2797 4290 zeitschrift

560 4303 599 4357 f.
638 4301 1087 4373 Kirchengesch.
1126 4302 1238 4370 III,
1279 4321 1335 4372 Ρ.
1377 4304 1482 4360 148
1520 4322 1639 4374 sqq.
