<?xml version="1.0" encoding="UTF-8"?>
<!DOCTYPE html PUBLIC "-//W3C//DTD XHTML 1.0 Transitional//EN"
    "http://www.w3.org/TR/xhtml1/DTD/xhtml1-transitional.dtd">
<html xmlns="http://www.w3.org/1999/xhtml" xml:lang="en" lang="en">
 <head>
  <title>
</title>
<meta http-equiv="Content-Type" content="text/html;charset=utf-8" />
  <meta name='ocr-system' content='tesseract 3.04.00' />
  <meta name='ocr-capabilities' content='ocr_page ocr_carea ocr_par ocr_line ocrx_word'/>
</head>
<body>
  <div class='ocr_page' id='page_1' title='image "./deantiquabriton00loofgoog_0095.png"; bbox 0 0 3025 4909; ppageno 0'>
   <div class='ocr_carea' id='block_1_1' title="bbox 60 3533 94 3698">
    <p class='ocr_par' dir='ltr' id='par_1_1' title="bbox 60 3533 94 3698">
     <span class='ocr_line' id='line_1_1' title="bbox 60 3533 94 3698; baseline 0 0"><span class='ocrx_word' id='word_1_1' title='bbox 60 3533 94 3698; x_wconf 74' lang='lat'>&gt;</span> 
     </span>
    </p>
   </div>
   <div class='ocr_carea' id='block_1_2' title="bbox 1141 180 1580 238">
    <p class='ocr_par' dir='ltr' id='par_1_2' title="bbox 1141 180 1580 238">
     <span class='ocr_line' id='line_1_2' title="bbox 1141 180 1580 238; baseline -0.007 -10"><span class='ocrx_word' id='word_1_2' title='bbox 1141 180 1580 238; x_wconf 71' lang='grc'>...89-</span> 
     </span>
    </p>
   </div>
   <div class='ocr_carea' id='block_1_3' title="bbox 170 356 2537 2036">
    <p class='ocr_par' dir='ltr' id='par_1_3' title="bbox 170 356 2478 702">
     <span class='ocr_line' id='line_1_3' title="bbox 410 356 2475 436; baseline 0 -21"><span class='ocrx_word' id='word_1_3' title='bbox 410 357 568 436; x_wconf 87' lang='lat' dir='ltr'><strong>Ipse</strong></span> <span class='ocrx_word' id='word_1_4' title='bbox 611 357 889 418; x_wconf 76' lang='lat' dir='ltr'><strong>Alfridus</strong></span> <span class='ocrx_word' id='word_1_5' title='bbox 942 378 1071 431; x_wconf 83' lang='lat' dir='ltr'><strong>rex,</strong></span> <span class='ocrx_word' id='word_1_6' title='bbox 1120 358 1387 417; x_wconf 81' lang='lat' dir='ltr'><strong>wilfridi</strong></span> <span class='ocrx_word' id='word_1_7' title='bbox 1437 358 1735 429; x_wconf 86' lang='lat' dir='ltr'><strong>inimicus,</strong></span> <span class='ocrx_word' id='word_1_8' title='bbox 1796 356 2086 417; x_wconf 85' lang='lat' dir='ltr'><strong>nescimus</strong></span> <span class='ocrx_word' id='word_1_9' title='bbox 2148 376 2264 435; x_wconf 87' lang='lat' dir='ltr'><strong>quo</strong></span> <span class='ocrx_word' id='word_1_10' title='bbox 2319 377 2475 416; x_wconf 90' lang='lat' dir='ltr'><strong>anno</strong></span> 
     </span>
     <span class='ocr_line' id='line_1_4' title="bbox 170 445 2478 526; baseline -0.001 -20"><span class='ocrx_word' id='word_1_11' title='bbox 170 445 467 524; x_wconf 73' lang='lat' dir='ltr'><strong>(Skene</strong></span> <span class='ocrx_word' id='word_1_12' title='bbox 513 447 611 521; x_wconf 88' lang='lat' dir='ltr'><strong>H,</strong></span> <span class='ocrx_word' id='word_1_13' title='bbox 658 469 716 526; x_wconf 88' lang='lat' dir='ltr'><strong>p.</strong></span> <span class='ocrx_word' id='word_1_14' title='bbox 750 449 922 507; x_wconf 84' lang='lat'>171:</span> <span class='ocrx_word' id='word_1_15' title='bbox 972 448 1126 520; x_wconf 78' lang='lat'>6883</span> <span class='ocrx_word' id='word_1_16' title='bbox 1188 447 1293 506; x_wconf 87' lang='lat' dir='ltr'><strong>alii</strong></span> <span class='ocrx_word' id='word_1_17' title='bbox 1341 448 1513 526; x_wconf 86' lang='lat'><strong>703),</strong></span> <span class='ocrx_word' id='word_1_18' title='bbox 1560 446 1917 507; x_wconf 82' lang='lat' dir='ltr'><strong>Adamnano</strong></span> <span class='ocrx_word' id='word_1_19' title='bbox 1978 445 2183 506; x_wconf 87' lang='lat' dir='ltr'><strong>abbati</strong></span> <span class='ocrx_word' id='word_1_20' title='bbox 2240 445 2478 505; x_wconf 90' lang='lat' dir='ltr'><strong>Hiiensi</strong></span> 
     </span>
     <span class='ocr_line' id='line_1_5' title="bbox 170 534 2476 616; baseline -0.001 -20"><span class='ocrx_word' id='word_1_21' title='bbox 170 536 567 616; x_wconf 80' lang='lat' dir='ltr'><strong>persuasit,</strong></span> <span class='ocrx_word' id='word_1_22' title='bbox 628 542 698 595; x_wconf 85' lang='lat' dir='ltr'><strong>ut</strong></span> <span class='ocrx_word' id='word_1_23' title='bbox 759 538 992 613; x_wconf 85' lang='lat' dir='ltr'><strong>abjecto</strong></span> <span class='ocrx_word' id='word_1_24' title='bbox 1053 557 1158 596; x_wconf 90' lang='lat' dir='ltr'><strong>suo</strong></span> <span class='ocrx_word' id='word_1_25' title='bbox 1217 536 1558 596; x_wconf 83' lang='lat' dir='ltr'><strong>celebrandi</strong></span> <span class='ocrx_word' id='word_1_26' title='bbox 1614 536 1754 595; x_wconf 85' lang='lat' dir='ltr'><strong>festi</strong></span> <span class='ocrx_word' id='word_1_27' title='bbox 1797 534 2091 614; x_wconf 87' lang='lat' dir='ltr'><strong>paschalis</strong></span> <span class='ocrx_word' id='word_1_28' title='bbox 2135 554 2298 593; x_wconf 91' lang='lat' dir='ltr'><strong>more</strong></span> <span class='ocrx_word' id='word_1_29' title='bbox 2344 555 2476 594; x_wconf 89' lang='lat' dir='ltr'><strong>cum</strong></span> 
     </span>
     <span class='ocr_line' id='line_1_6' title="bbox 172 624 2146 702; baseline -0.003 -17"><span class='ocrx_word' id='word_1_30' title='bbox 172 625 533 685; x_wconf 79' lang='lat' dir='ltr'><strong>Romanis</strong></span> <span class='ocrx_word' id='word_1_31' title='bbox 580 626 923 685; x_wconf 84' lang='lat' dir='ltr'><strong>societatem</strong></span> <span class='ocrx_word' id='word_1_32' title='bbox 967 625 1150 685; x_wconf 87' lang='lat' dir='ltr'><strong>iniret</strong></span> <span class='ocrx_word' id='word_1_33' title='bbox 1194 624 1388 701; x_wconf 86' lang='lat' dir='ltr'><strong>(Beda</strong></span> <span class='ocrx_word' id='word_1_34' title='bbox 1431 626 1488 683; x_wconf 90' lang='grc'><strong>11.</strong></span> <span class='ocrx_word' id='word_1_35' title='bbox 1537 647 1586 683; x_wconf 90' lang='grc'><strong>0.</strong></span> <span class='ocrx_word' id='word_1_36' title='bbox 1635 625 1692 698; x_wconf 96' lang='grc'><strong>5,</strong></span> <span class='ocrx_word' id='word_1_37' title='bbox 1744 624 1845 696; x_wconf 85' lang='grc'><strong>15,</strong></span> <span class='ocrx_word' id='word_1_38' title='bbox 1890 625 1925 702; x_wconf 65' lang='grc' dir='ltr'>ξ</span> <span class='ocrx_word' id='word_1_39' title='bbox 1973 625 2146 700; x_wconf 88' lang='grc'>402).</span> 
     </span>
    </p>

    <p class='ocr_par' dir='ltr' id='par_1_4' title="bbox 180 712 2507 1414">
     <span class='ocr_line' id='line_1_7' title="bbox 407 712 2473 792; baseline -0.001 -18"><span class='ocrx_word' id='word_1_40' title='bbox 407 715 699 774; x_wconf 80' lang='lat' dir='ltr'><strong>Monente</strong></span> <span class='ocrx_word' id='word_1_41' title='bbox 745 734 890 774; x_wconf 79' lang='lat' dir='ltr'><strong>vero</strong></span> <span class='ocrx_word' id='word_1_42' title='bbox 918 713 1274 774; x_wconf 85' lang='lat' dir='ltr'><strong>Adamnano</strong></span> <span class='ocrx_word' id='word_1_43' title='bbox 1320 715 1578 792; x_wconf 80' lang='lat' dir='ltr'><strong>plurima</strong></span> <span class='ocrx_word' id='word_1_44' title='bbox 1622 734 1763 792; x_wconf 89' lang='lat' dir='ltr'><strong>pars</strong></span> <span class='ocrx_word' id='word_1_45' title='bbox 1802 712 2115 773; x_wconf 72' lang='lat' dir='ltr'><strong>Scotorum</strong></span> <span class='ocrx_word' id='word_1_46' title='bbox 2159 712 2223 771; x_wconf 89' lang='lat' dir='ltr'><strong>in</strong></span> <span class='ocrx_word' id='word_1_47' title='bbox 2253 712 2473 771; x_wconf 87' lang='lat' dir='ltr'><strong>Hiber·</strong></span> 
     </span>
     <span class='ocr_line' id='line_1_8' title="bbox 180 800 2475 884; baseline -0.001 -22"><span class='ocrx_word' id='word_1_48' title='bbox 180 802 313 862; x_wconf 73' lang='lat' dir='ltr'><strong>nia</strong></span> <span class='ocrx_word' id='word_1_49' title='bbox 369 803 840 881; x_wconf 69' lang='lat' dir='ltr'><strong>septentrionali</strong></span> <span class='ocrx_word' id='word_1_50' title='bbox 885 800 986 884; x_wconf 90' lang='lat' dir='ltr'><strong>(de</strong></span> <span class='ocrx_word' id='word_1_51' title='bbox 1018 803 1380 863; x_wconf 74' lang='lat' dir='ltr'><strong>australibus</strong></span> <span class='ocrx_word' id='word_1_52' title='bbox 1409 803 1528 863; x_wconf 85' lang='lat' dir='ltr'><strong>vid.</strong></span> <span class='ocrx_word' id='word_1_53' title='bbox 1560 823 1739 880; x_wconf 84' lang='lat' dir='ltr'><strong>supra</strong></span> <span class='ocrx_word' id='word_1_54' title='bbox 1768 825 1827 881; x_wconf 88' lang='lat' dir='ltr'><strong>p.</strong></span> <span class='ocrx_word' id='word_1_55' title='bbox 1862 805 1896 860; x_wconf 91' lang='lat'><strong>7</strong></span> <span class='ocrx_word' id='word_1_56' title='bbox 1910 803 1971 879; x_wconf 93' lang='grc'><strong>1)</strong></span> <span class='ocrx_word' id='word_1_57' title='bbox 2012 800 2475 862; x_wconf 87' lang='lat' dir='ltr'><strong>ecclesiasticum</strong></span> 
     </span>
     <span class='ocr_line' id='line_1_9' title="bbox 183 890 2475 972; baseline -0.002 -20"><span class='ocrx_word' id='word_1_58' title='bbox 183 891 536 971; x_wconf 76' lang='lat' dir='ltr'><strong>paschalis</strong></span> <span class='ocrx_word' id='word_1_59' title='bbox 578 892 991 953; x_wconf 74' lang='lat' dir='ltr'><strong>observantiae</strong></span> <span class='ocrx_word' id='word_1_60' title='bbox 1033 899 1273 972; x_wconf 80' lang='lat' dir='ltr'><strong>tempus</strong></span> <span class='ocrx_word' id='word_1_61' title='bbox 1315 892 1577 970; x_wconf 88' lang='lat' dir='ltr'><strong>suscepit</strong></span> <span class='ocrx_word' id='word_1_62' title='bbox 1606 891 1799 967; x_wconf 89' lang='lat' dir='ltr'><strong>(Beda</strong></span> <span class='ocrx_word' id='word_1_63' title='bbox 1825 891 1884 949; x_wconf 91' lang='lat' dir='ltr'><strong>h.</strong></span> <span class='ocrx_word' id='word_1_64' title='bbox 1917 911 1965 949; x_wconf 92' lang='lat' dir='ltr'><strong>e.</strong></span> <span class='ocrx_word' id='word_1_65' title='bbox 2000 891 2056 963; x_wconf 92' lang='lat'><strong>5,</strong></span> <span class='ocrx_word' id='word_1_66' title='bbox 2093 890 2192 963; x_wconf 88' lang='grc'><strong>15,</strong></span> <span class='ocrx_word' id='word_1_67' title='bbox 2232 891 2267 968; x_wconf 66' lang='grc' dir='ltr'>ξ</span> <span class='ocrx_word' id='word_1_68' title='bbox 2300 891 2475 966; x_wconf 90' lang='grc'>402),</span> 
     </span>
     <span class='ocr_line' id='line_1_10' title="bbox 190 980 2473 1057; baseline -0.002 -17"><span class='ocrx_word' id='word_1_69' title='bbox 190 981 453 1040; x_wconf 80' lang='lat' dir='ltr'><strong>deinde</strong></span> <span class='ocrx_word' id='word_1_70' title='bbox 515 1001 669 1040; x_wconf 82' lang='lat' dir='ltr'><strong>anno</strong></span> <span class='ocrx_word' id='word_1_71' title='bbox 731 983 857 1040; x_wconf 88' lang='grc'><strong>710</strong></span> <span class='ocrx_word' id='word_1_72' title='bbox 919 982 1220 1041; x_wconf 77' lang='lat' dir='ltr'><strong>consecuti</strong></span> <span class='ocrx_word' id='word_1_73' title='bbox 1275 987 1418 1041; x_wconf 85' lang='lat' dir='ltr'><strong>sunt</strong></span> <span class='ocrx_word' id='word_1_74' title='bbox 1473 981 1656 1040; x_wconf 77' lang='lat' dir='ltr'><strong>Picti.</strong></span> <span class='ocrx_word' id='word_1_75' title='bbox 1694 980 1775 1057; x_wconf 92' lang='lat' dir='ltr'><strong>(h.</strong></span> <span class='ocrx_word' id='word_1_76' title='bbox 1837 1000 1886 1038; x_wconf 90' lang='lat' dir='ltr'><strong>e.</strong></span> <span class='ocrx_word' id='word_1_77' title='bbox 1945 980 2001 1052; x_wconf 89' lang='lat'><strong>5,</strong></span> <span class='ocrx_word' id='word_1_78' title='bbox 2061 981 2161 1051; x_wconf 95' lang='lat'><strong>21,</strong></span> <span class='ocrx_word' id='word_1_79' title='bbox 2216 981 2252 1057; x_wconf 63' lang='grc' dir='ltr'>ξ</span> <span class='ocrx_word' id='word_1_80' title='bbox 2299 980 2473 1054; x_wconf 95' lang='grc'>427),</span> 
     </span>
     <span class='ocr_line' id='line_1_11' title="bbox 193 1059 2474 1148; baseline -0.002 -18"><span class='ocrx_word' id='word_1_81' title='bbox 193 1059 498 1148; x_wconf 78' lang='lat' dir='ltr'><strong>denique</strong></span> <span class='ocrx_word' id='word_1_82' title='bbox 545 1090 700 1129; x_wconf 90' lang='lat' dir='ltr'><strong>anno</strong></span> <span class='ocrx_word' id='word_1_83' title='bbox 735 1073 861 1129; x_wconf 82' lang='lat'><strong>716</strong></span> <span class='ocrx_word' id='word_1_84' title='bbox 901 1072 1008 1147; x_wconf 74' lang='lat' dir='ltr'><strong>(cf.</strong></span> <span class='ocrx_word' id='word_1_85' title='bbox 1054 1070 1136 1129; x_wconf 85' lang='lat' dir='ltr'><strong>H.</strong></span> <span class='ocrx_word' id='word_1_86' title='bbox 1184 1070 1302 1130; x_wconf 91' lang='lat' dir='ltr'><strong>and</strong></span> <span class='ocrx_word' id='word_1_87' title='bbox 1345 1068 1436 1130; x_wconf 79' lang='lat' dir='ltr'><strong>St.</strong></span> <span class='ocrx_word' id='word_1_88' title='bbox 1467 1070 1555 1143; x_wconf 92' lang='grc' dir='ltr'><strong>Π,</strong></span> <span class='ocrx_word' id='word_1_89' title='bbox 1593 1071 1646 1143; x_wconf 93' lang='grc'><strong>1,</strong></span> <span class='ocrx_word' id='word_1_90' title='bbox 1693 1091 1752 1147; x_wconf 93' lang='lat' dir='ltr'><strong>p.</strong></span> <span class='ocrx_word' id='word_1_91' title='bbox 1790 1068 1914 1128; x_wconf 87' lang='lat'><strong>115</strong></span> <span class='ocrx_word' id='word_1_92' title='bbox 1961 1074 2083 1127; x_wconf 89' lang='lat' dir='ltr'><strong>not.</strong></span> <span class='ocrx_word' id='word_1_93' title='bbox 2113 1070 2174 1145; x_wconf 89' lang='lat' dir='ltr'><strong>a)</strong></span> <span class='ocrx_word' id='word_1_94' title='bbox 2219 1068 2474 1127; x_wconf 84' lang='lat' dir='ltr'><strong>maxima</strong></span> 
     </span>
     <span class='ocr_line' id='line_1_12' title="bbox 197 1156 2472 1238; baseline -0.001 -19"><span class='ocrx_word' id='word_1_95' title='bbox 197 1179 368 1238; x_wconf 76' lang='lat' dir='ltr'><strong>pars</strong></span> <span class='ocrx_word' id='word_1_96' title='bbox 419 1160 845 1219; x_wconf 85' lang='lat' dir='ltr'><strong>monachorum</strong></span> <span class='ocrx_word' id='word_1_97' title='bbox 891 1159 1257 1233; x_wconf 76' lang='lat' dir='ltr'><strong>Hiiensium,</strong></span> <span class='ocrx_word' id='word_1_98' title='bbox 1313 1180 1566 1237; x_wconf 89' lang='lat' dir='ltr'><strong>quorum</strong></span> <span class='ocrx_word' id='word_1_99' title='bbox 1611 1159 1761 1218; x_wconf 88' lang='lat' dir='ltr'><strong>nulli</strong></span> <span class='ocrx_word' id='word_1_100' title='bbox 1805 1157 1921 1218; x_wconf 89' lang='lat' dir='ltr'><strong>nisi</strong></span> <span class='ocrx_word' id='word_1_101' title='bbox 1965 1156 2248 1236; x_wconf 76' lang='lat' dir='ltr'><strong>perpauci</strong></span> <span class='ocrx_word' id='word_1_102' title='bbox 2291 1156 2472 1217; x_wconf 87' lang='lat' dir='ltr'><strong>schis-</strong></span> 
     </span>
     <span class='ocr_line' id='line_1_13' title="bbox 196 1237 2507 1327; baseline -0.001 -19"><span class='ocrx_word' id='word_1_103' title='bbox 196 1254 388 1308; x_wconf 84' lang='lat' dir='ltr'><strong>mate</strong></span> <span class='ocrx_word' id='word_1_104' title='bbox 460 1255 593 1308; x_wconf 91' lang='lat' dir='ltr'><strong>orto</strong></span> <span class='ocrx_word' id='word_1_105' title='bbox 653 1249 717 1307; x_wconf 89' lang='lat' dir='ltr'><strong>in</strong></span> <span class='ocrx_word' id='word_1_106' title='bbox 774 1249 906 1327; x_wconf 84' lang='lat' dir='ltr'><strong>ipso</strong></span> <span class='ocrx_word' id='word_1_107' title='bbox 965 1248 1321 1308; x_wconf 82' lang='lat' dir='ltr'><strong>monasterio</strong></span> <span class='ocrx_word' id='word_1_108' title='bbox 1383 1247 1603 1325; x_wconf 85' lang='lat' dir='ltr'><strong>(Skene</strong></span> <span class='ocrx_word' id='word_1_109' title='bbox 1648 1247 1734 1322; x_wconf 94' lang='lat' dir='ltr'><strong>II,</strong></span> <span class='ocrx_word' id='word_1_110' title='bbox 1796 1269 1854 1325; x_wconf 93' lang='lat' dir='ltr'><strong>p.</strong></span> <span class='ocrx_word' id='word_1_111' title='bbox 1908 1246 2059 1322; x_wconf 87' lang='lat'>175)</span> <span class='ocrx_word' id='word_1_112' title='bbox 2111 1250 2235 1323; x_wconf 72' lang='lat' dir='ltr'><strong>Jam</strong></span> <span class='ocrx_word' id='word_1_113' title='bbox 2296 1237 2507 1306; x_wconf 41' lang='lat' dir='ltr'><strong>antea*</strong></span> 
     </span>
     <span class='ocr_line' id='line_1_14' title="bbox 199 1334 2472 1414; baseline -0.002 -16"><span class='ocrx_word' id='word_1_114' title='bbox 199 1336 662 1398; x_wconf 82' lang='lat' dir='ltr'><strong>Adamnanum</strong></span> <span class='ocrx_word' id='word_1_115' title='bbox 719 1339 999 1398; x_wconf 76' lang='lat' dir='ltr'><strong>abbatem</strong></span> <span class='ocrx_word' id='word_1_116' title='bbox 1052 1338 1241 1397; x_wconf 87' lang='lat' dir='ltr'><strong>secuti</strong></span> <span class='ocrx_word' id='word_1_117' title='bbox 1294 1344 1465 1397; x_wconf 69' lang='lat' dir='ltr'><strong>erant</strong></span> <span class='ocrx_word' id='word_1_118' title='bbox 1520 1337 1715 1414; x_wconf 86' lang='lat' dir='ltr'><strong>(Beda</strong></span> <span class='ocrx_word' id='word_1_119' title='bbox 1759 1338 1814 1395; x_wconf 91' lang='lat' dir='ltr'><strong>h.</strong></span> <span class='ocrx_word' id='word_1_120' title='bbox 1861 1357 1910 1395; x_wconf 90' lang='grc'><strong>0.</strong></span> <span class='ocrx_word' id='word_1_121' title='bbox 1961 1335 2017 1407; x_wconf 90' lang='lat'><strong>5,</strong></span> <span class='ocrx_word' id='word_1_122' title='bbox 2066 1336 2169 1408; x_wconf 88' lang='lat'><strong>22,</strong></span> <span class='ocrx_word' id='word_1_123' title='bbox 2215 1337 2251 1413; x_wconf 64' lang='lat' dir='ltr'><strong>g</strong></span> <span class='ocrx_word' id='word_1_124' title='bbox 2299 1334 2472 1410; x_wconf 87' lang='lat'><strong>445).</strong></span> 
     </span>
    </p>

    <p class='ocr_par' dir='ltr' id='par_1_5' title="bbox 410 1423 2537 1520">
     <span class='ocr_line' id='line_1_15' title="bbox 410 1423 2537 1520; baseline -0.001 -36"><span class='ocrx_word' id='word_1_125' title='bbox 410 1424 634 1520; x_wconf 86' lang='lat' dir='ltr'><strong>Itaque</strong></span> <span class='ocrx_word' id='word_1_126' title='bbox 666 1427 1100 1505; x_wconf 82' lang='lat' dir='ltr'><strong>quinquaginta</strong></span> <span class='ocrx_word' id='word_1_127' title='bbox 1130 1426 1301 1486; x_wconf 87' lang='lat' dir='ltr'><strong>annis</strong></span> <span class='ocrx_word' id='word_1_128' title='bbox 1330 1433 1467 1505; x_wconf 88' lang='lat' dir='ltr'><strong>post</strong></span> <span class='ocrx_word' id='word_1_129' title='bbox 1491 1427 1784 1502; x_wconf 78' lang='lat' dir='ltr'><strong>synodum</strong></span> <span class='ocrx_word' id='word_1_130' title='bbox 1815 1425 2471 1485; x_wconf 71' lang='lat' dir='ltr'><strong>strenaeshalchensem</strong></span> <span class='ocrx_word' id='word_1_131' title='bbox 2536 1423 2537 1426; x_wconf 69' lang='grc'>’</span> 
     </span>
    </p>

    <p class='ocr_par' dir='ltr' id='par_1_6' title="bbox 204 1493 2472 1949">
     <span class='ocr_line' id='line_1_16' title="bbox 204 1493 2471 1592; baseline -0.001 -17"><span class='ocrx_word' id='word_1_132' title='bbox 204 1520 357 1575; x_wconf 83' lang='lat' dir='ltr'><strong>tota</strong></span> <span class='ocrx_word' id='word_1_133' title='bbox 392 1493 717 1574; x_wconf 87' lang='lat' dir='ltr'><strong>Britannia</strong></span> <span class='ocrx_word' id='word_1_134' title='bbox 749 1522 814 1575; x_wconf 88' lang='lat' dir='ltr'><strong>et</strong></span> <span class='ocrx_word' id='word_1_135' title='bbox 839 1515 1106 1575; x_wconf 88' lang='lat' dir='ltr'><strong>Albania</strong></span> <span class='ocrx_word' id='word_1_136' title='bbox 1136 1523 1197 1575; x_wconf 93' lang='lat' dir='ltr'><strong>et</strong></span> <span class='ocrx_word' id='word_1_137' title='bbox 1229 1516 1524 1575; x_wconf 87' lang='lat' dir='ltr'><strong>Hibernia</strong></span> <span class='ocrx_word' id='word_1_138' title='bbox 1554 1515 1816 1592; x_wconf 83' lang='lat' dir='ltr'><strong>exceptis</strong></span> <span class='ocrx_word' id='word_1_139' title='bbox 1844 1514 2163 1573; x_wconf 85' lang='lat' dir='ltr'><strong>Britonum</strong></span> <span class='ocrx_word' id='word_1_140' title='bbox 2201 1512 2471 1592; x_wconf 79' lang='lat' dir='ltr'><strong>plurimis</strong></span> 
     </span>
     <span class='ocr_line' id='line_1_17' title="bbox 208 1603 2472 1705; baseline -0.001 -41"><span class='ocrx_word' id='word_1_141' title='bbox 208 1604 372 1680; x_wconf 70' lang='lat' dir='ltr'><strong>(vid.</strong></span> <span class='ocrx_word' id='word_1_142' title='bbox 401 1624 588 1682; x_wconf 85' lang='lat' dir='ltr'><strong>supra</strong></span> <span class='ocrx_word' id='word_1_143' title='bbox 610 1623 668 1682; x_wconf 91' lang='lat' dir='ltr'><strong>p.</strong></span> <span class='ocrx_word' id='word_1_144' title='bbox 695 1605 811 1681; x_wconf 87' lang='lat'><strong>28)</strong></span> <span class='ocrx_word' id='word_1_145' title='bbox 844 1626 976 1664; x_wconf 90' lang='lat' dir='ltr'><strong>cum</strong></span> <span class='ocrx_word' id='word_1_146' title='bbox 1005 1604 1332 1664; x_wconf 82' lang='lat' dir='ltr'><strong>Romanis</strong></span> <span class='ocrx_word' id='word_1_147' title='bbox 1316 1625 1380 1663; x_wconf 92' lang='grc'><strong>111</strong></span> <span class='ocrx_word' id='word_1_148' title='bbox 1401 1604 1578 1663; x_wconf 84' lang='grc'>11111113</span> <span class='ocrx_word' id='word_1_149' title='bbox 1609 1603 1887 1663; x_wconf 88' lang='lat' dir='ltr'><strong>ecclesiae</strong></span> <span class='ocrx_word' id='word_1_150' title='bbox 1911 1603 2235 1663; x_wconf 87' lang='lat' dir='ltr'><strong>catholicae</strong></span> <span class='ocrx_word' id='word_1_151' title='bbox 2260 1621 2472 1705; x_wconf 86' lang='lat' dir='ltr'><strong>corpus</strong></span> 
     </span>
     <span class='ocr_line' id='line_1_18' title="bbox 214 1692 2470 1770; baseline -0.001 -19"><span class='ocrx_word' id='word_1_152' title='bbox 214 1693 672 1770; x_wconf 86' lang='lat' dir='ltr'><strong>quodammodo</strong></span> <span class='ocrx_word' id='word_1_153' title='bbox 719 1695 1077 1766; x_wconf 87' lang='lat' dir='ltr'><strong>coaluerunt,</strong></span> <span class='ocrx_word' id='word_1_154' title='bbox 1126 1725 1202 1738; x_wconf 81' lang='lat'><strong>--</strong></span> <span class='ocrx_word' id='word_1_155' title='bbox 1239 1694 1343 1769; x_wconf 90' lang='grc'>(1111</span> <span class='ocrx_word' id='word_1_156' title='bbox 1382 1693 1818 1752; x_wconf 84' lang='lat' dir='ltr'><strong>controversiae</strong></span> <span class='ocrx_word' id='word_1_157' title='bbox 1857 1699 2104 1751; x_wconf 86' lang='lat' dir='ltr'><strong>eventus</strong></span> <span class='ocrx_word' id='word_1_158' title='bbox 2148 1692 2305 1751; x_wconf 88' lang='lat' dir='ltr'><strong>solus</strong></span> <span class='ocrx_word' id='word_1_159' title='bbox 2344 1693 2470 1767; x_wconf 86' lang='lat' dir='ltr'><strong>jam</strong></span> 
     </span>
     <span class='ocr_line' id='line_1_19' title="bbox 212 1778 2470 1855; baseline -0.002 -13"><span class='ocrx_word' id='word_1_160' title='bbox 212 1781 404 1842; x_wconf 83' lang='lat' dir='ltr'><strong>testis</strong></span> <span class='ocrx_word' id='word_1_161' title='bbox 438 1789 547 1855; x_wconf 90' lang='lat' dir='ltr'><strong>est,</strong></span> <span class='ocrx_word' id='word_1_162' title='bbox 594 1783 868 1842; x_wconf 83' lang='lat' dir='ltr'><strong>ecclesias</strong></span> <span class='ocrx_word' id='word_1_163' title='bbox 896 1782 1300 1841; x_wconf 85' lang='lat' dir='ltr'><strong>Romanorum</strong></span> <span class='ocrx_word' id='word_1_164' title='bbox 1332 1788 1393 1842; x_wconf 90' lang='lat' dir='ltr'><strong>et</strong></span> <span class='ocrx_word' id='word_1_165' title='bbox 1424 1780 1739 1841; x_wconf 81' lang='lat' dir='ltr'><strong>Scotorum</strong></span> <span class='ocrx_word' id='word_1_166' title='bbox 1770 1782 1887 1840; x_wconf 90' lang='lat' dir='ltr'><strong>nisi</strong></span> <span class='ocrx_word' id='word_1_167' title='bbox 1916 1780 2293 1840; x_wconf 81' lang='lat' dir='ltr'><strong>observantia</strong></span> <span class='ocrx_word' id='word_1_168' title='bbox 2332 1778 2470 1838; x_wconf 87' lang='lat' dir='ltr'><strong>festi</strong></span> 
     </span>
     <span class='ocr_line' id='line_1_20' title="bbox 217 1869 2290 1949; baseline -0.001 -20"><span class='ocrx_word' id='word_1_169' title='bbox 217 1870 531 1949; x_wconf 87' lang='lat' dir='ltr'><strong>paschalis</strong></span> <span class='ocrx_word' id='word_1_170' title='bbox 576 1877 638 1930; x_wconf 89' lang='grc'><strong>01</strong></span> <span class='ocrx_word' id='word_1_171' title='bbox 681 1878 928 1931; x_wconf 79' lang='lat' dir='ltr'><strong>tonsura</strong></span> <span class='ocrx_word' id='word_1_172' title='bbox 973 1878 1035 1930; x_wconf 90' lang='lat' dir='ltr'><strong>et</strong></span> <span class='ocrx_word' id='word_1_173' title='bbox 1079 1871 1212 1930; x_wconf 84' lang='lat' dir='ltr'><strong>aliis</strong></span> <span class='ocrx_word' id='word_1_174' title='bbox 1254 1871 1574 1931; x_wconf 86' lang='lat' dir='ltr'><strong>levioribus</strong></span> <span class='ocrx_word' id='word_1_175' title='bbox 1619 1870 1883 1930; x_wconf 84' lang='lat' dir='ltr'><strong>diversas</strong></span> <span class='ocrx_word' id='word_1_176' title='bbox 1927 1889 2046 1928; x_wconf 93' lang='lat' dir='ltr'><strong>non</strong></span> <span class='ocrx_word' id='word_1_177' title='bbox 2091 1869 2290 1927; x_wconf 85' lang='lat' dir='ltr'><strong>fuisse.</strong></span> 
     </span>
    </p>

    <p class='ocr_par' dir='ltr' id='par_1_7' title="bbox 413 1956 2469 2036">
     <span class='ocr_line' id='line_1_21' title="bbox 413 1956 2469 2036; baseline -0.002 -16"><span class='ocrx_word' id='word_1_178' title='bbox 413 1959 624 2036; x_wconf 86' lang='lat' dir='ltr'><strong>Neque</strong></span> <span class='ocrx_word' id='word_1_179' title='bbox 671 1960 849 2019; x_wconf 90' lang='lat' dir='ltr'><strong>ullius</strong></span> <span class='ocrx_word' id='word_1_180' title='bbox 896 1960 973 2018; x_wconf 90' lang='lat' dir='ltr'><strong>ad</strong></span> <span class='ocrx_word' id='word_1_181' title='bbox 1017 1965 1279 2019; x_wconf 86' lang='lat' dir='ltr'><strong>nostram</strong></span> <span class='ocrx_word' id='word_1_182' title='bbox 1332 1980 1458 2019; x_wconf 91' lang='lat' dir='ltr'><strong>rem</strong></span> <span class='ocrx_word' id='word_1_183' title='bbox 1503 1960 1787 2018; x_wconf 83' lang='lat' dir='ltr'><strong>momenti</strong></span> <span class='ocrx_word' id='word_1_184' title='bbox 1833 1964 1947 2032; x_wconf 88' lang='lat' dir='ltr'><strong>est,</strong></span> <span class='ocrx_word' id='word_1_185' title='bbox 1997 1958 2157 2035; x_wconf 81' lang='lat' dir='ltr'><strong>qued</strong></span> <span class='ocrx_word' id='word_1_186' title='bbox 2200 1956 2469 2016; x_wconf 89' lang='lat' dir='ltr'><strong>nonnulli</strong></span> 
     </span>
    </p>
   </div>
   <div class='ocr_carea' id='block_1_4' title="bbox 221 2048 2569 2125">
    <p class='ocr_par' dir='ltr' id='par_1_8' title="bbox 221 2048 2569 2125">
     <span class='ocr_line' id='line_1_22' title="bbox 221 2048 2569 2125; baseline -0.001 -18"><span class='ocrx_word' id='word_1_187' title='bbox 221 2049 653 2107; x_wconf 88' lang='lat' dir='ltr'><strong>monachorum</strong></span> <span class='ocrx_word' id='word_1_188' title='bbox 684 2048 1021 2108; x_wconf 88' lang='lat' dir='ltr'><strong>Hiiensium</strong></span> <span class='ocrx_word' id='word_1_189' title='bbox 1052 2048 1233 2108; x_wconf 87' lang='lat' dir='ltr'><strong>etiam</strong></span> <span class='ocrx_word' id='word_1_190' title='bbox 1261 2054 1406 2108; x_wconf 86' lang='lat' dir='ltr'><strong>tunc</strong></span> <span class='ocrx_word' id='word_1_191' title='bbox 1443 2048 1791 2108; x_wconf 85' lang='lat' dir='ltr'><strong>concordiae</strong></span> <span class='ocrx_word' id='word_1_192' title='bbox 1835 2048 1924 2106; x_wconf 88' lang='lat' dir='ltr'><strong>ita</strong></span> <span class='ocrx_word' id='word_1_193' title='bbox 1967 2052 2468 2125; x_wconf 83' lang='lat' dir='ltr'><strong>repugnaverunt,</strong></span> <span class='ocrx_word' id='word_1_194' title='bbox 2568 2077 2569 2080; x_wconf 36' lang='lat'>¹</span> 
     </span>
    </p>
   </div>
   <div class='ocr_carea' id='block_1_5' title="bbox 225 2135 2469 3811">
    <p class='ocr_par' dir='ltr' id='par_1_9' title="bbox 225 2135 2469 3811">
     <span class='ocr_line' id='line_1_23' title="bbox 225 2135 2467 2218; baseline 0 -23"><span class='ocrx_word' id='word_1_195' title='bbox 225 2143 301 2195; x_wconf 89' lang='lat' dir='ltr'><strong>ut</strong></span> <span class='ocrx_word' id='word_1_196' title='bbox 357 2157 514 2196; x_wconf 91' lang='lat' dir='ltr'><strong>anno</strong></span> <span class='ocrx_word' id='word_1_197' title='bbox 564 2139 691 2196; x_wconf 85' lang='lat'><strong>718</strong></span> <span class='ocrx_word' id='word_1_198' title='bbox 732 2135 980 2218; x_wconf 72' lang='lat' dir='ltr'><strong>familia</strong></span> <span class='ocrx_word' id='word_1_199' title='bbox 1025 2135 1093 2196; x_wconf 82' lang='lat' dir='ltr'><strong>Ie</strong></span> <span class='ocrx_word' id='word_1_200' title='bbox 1137 2138 1176 2196; x_wconf 89' lang='lat' dir='ltr'><strong>i.</strong></span> <span class='ocrx_word' id='word_1_201' title='bbox 1222 2158 1272 2196; x_wconf 90' lang='grc'><strong>0.</strong></span> <span class='ocrx_word' id='word_1_202' title='bbox 1326 2137 1618 2210; x_wconf 87' lang='lat' dir='ltr'><strong>monachi,</strong></span> <span class='ocrx_word' id='word_1_203' title='bbox 1675 2136 1891 2213; x_wconf 89' lang='lat' dir='ltr'><strong>quibus</strong></span> <span class='ocrx_word' id='word_1_204' title='bbox 1942 2156 2072 2195; x_wconf 90' lang='grc'>011111</span> <span class='ocrx_word' id='word_1_205' title='bbox 2118 2135 2467 2195; x_wconf 84' lang='grc' dir='ltr'>Η110113111113</span> 
     </span>
     <span class='ocr_line' id='line_1_24' title="bbox 228 2210 2468 2304; baseline -0 -20"><span class='ocrx_word' id='word_1_206' title='bbox 228 2226 568 2286; x_wconf 84' lang='lat' dir='ltr'><strong>arctissima</strong></span> <span class='ocrx_word' id='word_1_207' title='bbox 614 2233 748 2286; x_wconf 85' lang='lat' dir='ltr'><strong>erat</strong></span> <span class='ocrx_word' id='word_1_208' title='bbox 778 2227 1157 2299; x_wconf 78' lang='lat' dir='ltr'><strong>consuetudo,</strong></span> <span class='ocrx_word' id='word_1_209' title='bbox 1205 2226 1345 2303; x_wconf 88' lang='lat' dir='ltr'><strong>quia</strong></span> <span class='ocrx_word' id='word_1_210' title='bbox 1374 2246 1582 2304; x_wconf 85' lang='lat' dir='ltr'><strong>pacem</strong></span> <span class='ocrx_word' id='word_1_211' title='bbox 1610 2226 1972 2304; x_wconf 84' lang='lat' dir='ltr'><strong>respuebant</strong></span> <span class='ocrx_word' id='word_1_212' title='bbox 2015 2233 2179 2284; x_wconf 75' lang='lat' dir='ltr'><strong>trane</strong></span> <span class='ocrx_word' id='word_1_213' title='bbox 2224 2210 2468 2284; x_wconf 72' lang='lat' dir='ltr'><strong>dorsum</strong></span> 
     </span>
     <span class='ocr_line' id='line_1_25' title="bbox 233 2309 2466 2393; baseline 0 -21"><span class='ocrx_word' id='word_1_214' title='bbox 233 2309 589 2375; x_wconf 69' lang='lat' dir='ltr'><strong>Britanniae</strong></span> <span class='ocrx_word' id='word_1_215' title='bbox 632 2316 673 2374; x_wconf 90' lang='grc'><strong>1.</strong></span> <span class='ocrx_word' id='word_1_216' title='bbox 727 2337 776 2375; x_wconf 90' lang='grc'><strong>0.</strong></span> <span class='ocrx_word' id='word_1_217' title='bbox 835 2337 908 2375; x_wconf 85' lang='lat' dir='ltr'><strong>ex</strong></span> <span class='ocrx_word' id='word_1_218' title='bbox 965 2336 1150 2392; x_wconf 88' lang='lat' dir='ltr'><strong>regno</strong></span> <span class='ocrx_word' id='word_1_219' title='bbox 1212 2334 1318 2374; x_wconf 89' lang='lat' dir='ltr'><strong>suo</strong></span> <span class='ocrx_word' id='word_1_220' title='bbox 1380 2316 1824 2393; x_wconf 83' lang='lat' dir='ltr'><strong>expellerentur</strong></span> <span class='ocrx_word' id='word_1_221' title='bbox 1881 2335 1918 2373; x_wconf 88' lang='lat' dir='ltr'><strong>a</strong></span> <span class='ocrx_word' id='word_1_222' title='bbox 1970 2314 2264 2387; x_wconf 86' lang='lat' dir='ltr'><strong>Nectano,</strong></span> <span class='ocrx_word' id='word_1_223' title='bbox 2325 2332 2466 2390; x_wconf 84' lang='lat' dir='ltr'><strong>rege</strong></span> 
     </span>
     <span class='ocr_line' id='line_1_26' title="bbox 232 2400 2469 2482; baseline -0.001 -21"><span class='ocrx_word' id='word_1_224' title='bbox 232 2401 571 2476; x_wconf 84' lang='lat' dir='ltr'><strong>Pictorum,</strong></span> <span class='ocrx_word' id='word_1_225' title='bbox 633 2411 691 2464; x_wconf 85' lang='lat' dir='ltr'><strong>et</strong></span> <span class='ocrx_word' id='word_1_226' title='bbox 750 2412 822 2466; x_wconf 90' lang='lat' dir='ltr'><strong>ut</strong></span> <span class='ocrx_word' id='word_1_227' title='bbox 882 2405 960 2462; x_wconf 89' lang='lat' dir='ltr'><strong>ad</strong></span> <span class='ocrx_word' id='word_1_228' title='bbox 1025 2403 1430 2482; x_wconf 88' lang='lat' dir='ltr'><strong>accipiendam</strong></span> <span class='ocrx_word' id='word_1_229' title='bbox 1504 2409 1809 2463; x_wconf 86' lang='lat' dir='ltr'><strong>tonsuram</strong></span> <span class='ocrx_word' id='word_1_230' title='bbox 1876 2422 2129 2462; x_wconf 88' lang='lat' dir='ltr'><strong>coronae.</strong></span> <span class='ocrx_word' id='word_1_231' title='bbox 2198 2400 2469 2461; x_wconf 83' lang='lat' dir='ltr'><strong>nonnulli</strong></span> 
     </span>
     <span class='ocr_line' id='line_1_27' title="bbox 235 2490 2465 2572; baseline -0 -22"><span class='ocrx_word' id='word_1_232' title='bbox 235 2490 572 2552; x_wconf 86' lang='lat' dir='ltr'><strong>Hiiensium</strong></span> <span class='ocrx_word' id='word_1_233' title='bbox 619 2527 708 2539; x_wconf 90' lang='lat'><strong>——</strong></span> <span class='ocrx_word' id='word_1_234' title='bbox 752 2493 1041 2572; x_wconf 81' lang='lat' dir='ltr'><strong>siquidem</strong></span> <span class='ocrx_word' id='word_1_235' title='bbox 1086 2493 1234 2552; x_wconf 89' lang='lat' dir='ltr'><strong>fides</strong></span> <span class='ocrx_word' id='word_1_236' title='bbox 1279 2492 1553 2552; x_wconf 85' lang='lat' dir='ltr'><strong>habenda</strong></span> <span class='ocrx_word' id='word_1_237' title='bbox 1605 2499 1696 2552; x_wconf 89' lang='lat' dir='ltr'><strong>est</strong></span> <span class='ocrx_word' id='word_1_238' title='bbox 1746 2492 2172 2571; x_wconf 87' lang='lat' dir='ltr'><strong>posterioribus</strong></span> <span class='ocrx_word' id='word_1_239' title='bbox 2217 2491 2465 2570; x_wconf 84' lang='lat' dir='ltr'><strong>scripto-</strong></span> 
     </span>
     <span class='ocr_line' id='line_1_28' title="bbox 236 2578 2466 2662; baseline -0.001 -23"><span class='ocrx_word' id='word_1_240' title='bbox 236 2579 402 2640; x_wconf 89' lang='lat' dir='ltr'><strong>ribus</strong></span> <span class='ocrx_word' id='word_1_241' title='bbox 447 2582 667 2656; x_wconf 84' lang='lat' dir='ltr'><strong>(annal.</strong></span> <span class='ocrx_word' id='word_1_242' title='bbox 723 2582 966 2662; x_wconf 78' lang='lat' dir='ltr'><strong>Tigern.</strong></span> <span class='ocrx_word' id='word_1_243' title='bbox 1010 2582 1091 2641; x_wconf 87' lang='lat' dir='ltr'><strong>H.</strong></span> <span class='ocrx_word' id='word_1_244' title='bbox 1147 2581 1268 2641; x_wconf 89' lang='lat' dir='ltr'><strong>and</strong></span> <span class='ocrx_word' id='word_1_245' title='bbox 1309 2579 1401 2640; x_wconf 79' lang='lat' dir='ltr'><strong>St.</strong></span> <span class='ocrx_word' id='word_1_246' title='bbox 1448 2581 1544 2655; x_wconf 87' lang='lat' dir='ltr'><strong>H,</strong></span> <span class='ocrx_word' id='word_1_247' title='bbox 1597 2583 1653 2654; x_wconf 90' lang='lat' dir='ltr'><strong>l,</strong></span> <span class='ocrx_word' id='word_1_248' title='bbox 1699 2603 1757 2659; x_wconf 89' lang='lat' dir='ltr'><strong>p.</strong></span> <span class='ocrx_word' id='word_1_249' title='bbox 1811 2583 1961 2654; x_wconf 90' lang='lat'>114,</span> <span class='ocrx_word' id='word_1_250' title='bbox 2016 2582 2089 2640; x_wconf 86' lang='lat' dir='ltr'><strong>cf.</strong></span> <span class='ocrx_word' id='word_1_251' title='bbox 2136 2579 2332 2641; x_wconf 78' lang='lat' dir='ltr'><strong>Skene</strong></span> <span class='ocrx_word' id='word_1_252' title='bbox 2378 2578 2466 2650; x_wconf 95' lang='lat' dir='ltr'><strong>II,</strong></span> 
     </span>
     <span class='ocr_line' id='line_1_29' title="bbox 240 2669 2466 2747; baseline 0 -21"><span class='ocrx_word' id='word_1_253' title='bbox 240 2689 298 2747; x_wconf 91' lang='lat' dir='ltr'><strong>p.</strong></span> <span class='ocrx_word' id='word_1_254' title='bbox 346 2669 472 2727; x_wconf 86' lang='lat'><strong>278</strong></span> <span class='ocrx_word' id='word_1_255' title='bbox 531 2670 651 2747; x_wconf 81' lang='lat' dir='ltr'><strong>sq.)</strong></span> <span class='ocrx_word' id='word_1_256' title='bbox 711 2703 799 2715; x_wconf 89' lang='lat'>—</span> <span class='ocrx_word' id='word_1_257' title='bbox 856 2671 1173 2731; x_wconf 83' lang='lat' dir='ltr'><strong>videantur</strong></span> <span class='ocrx_word' id='word_1_258' title='bbox 1232 2690 1357 2729; x_wconf 87' lang='lat' dir='ltr'><strong>esse</strong></span> <span class='ocrx_word' id='word_1_259' title='bbox 1431 2670 1494 2730; x_wconf 82' lang='lat' dir='ltr'><strong>vi</strong></span> <span class='ocrx_word' id='word_1_260' title='bbox 1552 2671 1756 2731; x_wconf 83' lang='lat' dir='ltr'><strong>coacti.</strong></span> <span class='ocrx_word' id='word_1_261' title='bbox 1855 2671 2075 2730; x_wconf 83' lang='lat' dir='ltr'><strong>Mirum</strong></span> <span class='ocrx_word' id='word_1_262' title='bbox 2133 2670 2290 2729; x_wconf 89' lang='lat' dir='ltr'><strong>enim</strong></span> <span class='ocrx_word' id='word_1_263' title='bbox 2347 2688 2466 2727; x_wconf 90' lang='grc'>11011</span> 
     </span>
     <span class='ocr_line' id='line_1_30' title="bbox 247 2755 2466 2833; baseline 0 -17"><span class='ocrx_word' id='word_1_264' title='bbox 247 2763 359 2829; x_wconf 91' lang='grc'>031,</span> <span class='ocrx_word' id='word_1_265' title='bbox 418 2755 577 2833; x_wconf 85' lang='grc' dir='ltr'>(111οᾱ</span> <span class='ocrx_word' id='word_1_266' title='bbox 635 2757 916 2817; x_wconf 87' lang='lat' dir='ltr'><strong>Hiienses</strong></span> <span class='ocrx_word' id='word_1_267' title='bbox 972 2759 1376 2818; x_wconf 85' lang='lat' dir='ltr'><strong>Romanorum</strong></span> <span class='ocrx_word' id='word_1_268' title='bbox 1436 2758 1690 2819; x_wconf 87' lang='lat' dir='ltr'><strong>studiosi</strong></span> <span class='ocrx_word' id='word_1_269' title='bbox 1748 2779 1868 2819; x_wconf 91' lang='lat' dir='ltr'><strong>non</strong></span> <span class='ocrx_word' id='word_1_270' title='bbox 1923 2765 2120 2832; x_wconf 83' lang='lat' dir='ltr'><strong>erant,</strong></span> <span class='ocrx_word' id='word_1_271' title='bbox 2178 2779 2317 2817; x_wconf 83' lang='lat' dir='ltr'><strong>nam</strong></span> <span class='ocrx_word' id='word_1_272' title='bbox 2360 2757 2466 2816; x_wconf 91' lang='lat' dir='ltr'><strong>ubi</strong></span> 
     </span>
     <span class='ocr_line' id='line_1_31' title="bbox 248 2841 2469 2925; baseline 0 -20"><span class='ocrx_word' id='word_1_273' title='bbox 248 2846 570 2923; x_wconf 82' lang='lat' dir='ltr'><strong>augebatur</strong></span> <span class='ocrx_word' id='word_1_274' title='bbox 598 2841 1005 2906; x_wconf 87' lang='lat' dir='ltr'><strong>Romanorum</strong></span> <span class='ocrx_word' id='word_1_275' title='bbox 1036 2848 1376 2922; x_wconf 85' lang='lat' dir='ltr'><strong>auctoritas,</strong></span> <span class='ocrx_word' id='word_1_276' title='bbox 1405 2848 1629 2907; x_wconf 87' lang='lat' dir='ltr'><strong>ibidem</strong></span> <span class='ocrx_word' id='word_1_277' title='bbox 1657 2849 2020 2908; x_wconf 85' lang='lat' dir='ltr'><strong>labefactata</strong></span> <span class='ocrx_word' id='word_1_278' title='bbox 2051 2855 2232 2925; x_wconf 90' lang='lat' dir='ltr'><strong>atque</strong></span> <span class='ocrx_word' id='word_1_279' title='bbox 2274 2849 2469 2908; x_wconf 89' lang='lat' dir='ltr'><strong>fracta</strong></span> 
     </span>
     <span class='ocr_line' id='line_1_32' title="bbox 252 2934 2468 2997; baseline 0.001 -3"><span class='ocrx_word' id='word_1_280' title='bbox 252 2941 337 2994; x_wconf 85' lang='lat' dir='ltr'><strong>est</strong></span> <span class='ocrx_word' id='word_1_281' title='bbox 363 2934 714 2994; x_wconf 87' lang='lat' dir='ltr'><strong>Hiiensium.</strong></span> <span class='ocrx_word' id='word_1_282' title='bbox 778 2934 1002 2995; x_wconf 81' lang='lat' dir='ltr'><strong>Tamen</strong></span> <span class='ocrx_word' id='word_1_283' title='bbox 1048 2936 1112 2995; x_wconf 91' lang='lat' dir='ltr'><strong>in</strong></span> <span class='ocrx_word' id='word_1_284' title='bbox 1155 2936 1455 2995; x_wconf 85' lang='lat' dir='ltr'><strong>nonnullis</strong></span> <span class='ocrx_word' id='word_1_285' title='bbox 1493 2937 1825 2997; x_wconf 87' lang='lat' dir='ltr'><strong>Hiberniae</strong></span> <span class='ocrx_word' id='word_1_286' title='bbox 1870 2937 2243 2997; x_wconf 87' lang='lat' dir='ltr'><strong>monasteriis</strong></span> <span class='ocrx_word' id='word_1_287' title='bbox 2288 2936 2468 2996; x_wconf 87' lang='lat' dir='ltr'><strong>etiam</strong></span> 
     </span>
     <span class='ocr_line' id='line_1_33' title="bbox 253 3023 2466 3104; baseline 0 -21"><span class='ocrx_word' id='word_1_288' title='bbox 253 3029 447 3102; x_wconf 89' lang='lat' dir='ltr'><strong>postea</strong></span> <span class='ocrx_word' id='word_1_289' title='bbox 468 3044 576 3103; x_wconf 93' lang='lat' dir='ltr'><strong>per</strong></span> <span class='ocrx_word' id='word_1_290' title='bbox 599 3044 785 3083; x_wconf 89' lang='lat' dir='ltr'><strong>annos</strong></span> <span class='ocrx_word' id='word_1_291' title='bbox 808 3025 931 3083; x_wconf 85' lang='lat' dir='ltr'><strong>fere</strong></span> <span class='ocrx_word' id='word_1_292' title='bbox 969 3025 1093 3083; x_wconf 88' lang='lat'><strong>150</strong></span> <span class='ocrx_word' id='word_1_293' title='bbox 1124 3023 1529 3103; x_wconf 89' lang='lat' dir='ltr'><strong>principatum</strong></span> <span class='ocrx_word' id='word_1_294' title='bbox 1562 3026 1857 3104; x_wconf 87' lang='lat' dir='ltr'><strong>quendam</strong></span> <span class='ocrx_word' id='word_1_295' title='bbox 1886 3028 2187 3101; x_wconf 88' lang='lat' dir='ltr'><strong>tenebant,</strong></span> <span class='ocrx_word' id='word_1_296' title='bbox 2213 3027 2317 3086; x_wconf 86' lang='lat' dir='ltr'><strong>sed</strong></span> <span class='ocrx_word' id='word_1_297' title='bbox 2348 3045 2466 3084; x_wconf 90' lang='lat' dir='ltr'><strong>non</strong></span> 
     </span>
     <span class='ocr_line' id='line_1_34' title="bbox 260 3111 2465 3192; baseline -0 -20"><span class='ocrx_word' id='word_1_298' title='bbox 260 3113 439 3186; x_wconf 87' lang='lat' dir='ltr'><strong>talem,</strong></span> <span class='ocrx_word' id='word_1_299' title='bbox 483 3113 719 3189; x_wconf 88' lang='lat' dir='ltr'><strong>qualem</strong></span> <span class='ocrx_word' id='word_1_300' title='bbox 765 3119 944 3174; x_wconf 90' lang='lat' dir='ltr'><strong>antea</strong></span> <span class='ocrx_word' id='word_1_301' title='bbox 989 3114 1096 3190; x_wconf 89' lang='lat' dir='ltr'><strong>(H.</strong></span> <span class='ocrx_word' id='word_1_302' title='bbox 1128 3112 1247 3172; x_wconf 88' lang='lat' dir='ltr'><strong>and</strong></span> <span class='ocrx_word' id='word_1_303' title='bbox 1275 3111 1367 3173; x_wconf 80' lang='lat' dir='ltr'><strong>St.</strong></span> <span class='ocrx_word' id='word_1_304' title='bbox 1398 3113 1485 3187; x_wconf 90' lang='lat' dir='ltr'><strong>H,</strong></span> <span class='ocrx_word' id='word_1_305' title='bbox 1525 3116 1579 3189; x_wconf 90' lang='lat'><strong>1,</strong></span> <span class='ocrx_word' id='word_1_306' title='bbox 1610 3136 1669 3192; x_wconf 94' lang='lat' dir='ltr'><strong>p.</strong></span> <span class='ocrx_word' id='word_1_307' title='bbox 1708 3116 2106 3192; x_wconf 86' lang='lat'>116—118);</span> <span class='ocrx_word' id='word_1_308' title='bbox 2153 3114 2347 3177; x_wconf 84' lang='lat' dir='ltr'><strong>Skene</strong></span> <span class='ocrx_word' id='word_1_309' title='bbox 2377 3114 2465 3187; x_wconf 94' lang='lat' dir='ltr'><strong>II,</strong></span> 
     </span>
     <span class='ocr_line' id='line_1_35' title="bbox 256 3202 2467 3281; baseline 0.003 -23"><span class='ocrx_word' id='word_1_310' title='bbox 256 3221 310 3279; x_wconf 91' lang='lat' dir='ltr'><strong>p.</strong></span> <span class='ocrx_word' id='word_1_311' title='bbox 328 3202 441 3260; x_wconf 90' lang='grc'>278</span> <span class='ocrx_word' id='word_1_312' title='bbox 457 3205 630 3278; x_wconf 85' lang='grc'>3(1(1.),</span> <span class='ocrx_word' id='word_1_313' title='bbox 655 3206 716 3261; x_wconf 85' lang='grc'><strong>01</strong></span> <span class='ocrx_word' id='word_1_314' title='bbox 732 3202 834 3262; x_wconf 85' lang='lat' dir='ltr'><strong>vix</strong></span> <span class='ocrx_word' id='word_1_315' title='bbox 847 3221 997 3280; x_wconf 90' lang='lat' dir='ltr'><strong>opus</strong></span> <span class='ocrx_word' id='word_1_316' title='bbox 1020 3207 1112 3262; x_wconf 87' lang='lat' dir='ltr'><strong>est</strong></span> <span class='ocrx_word' id='word_1_317' title='bbox 1135 3222 1606 3277; x_wconf 82' lang='lat' dir='ltr'><strong>commemorare,</strong></span> <span class='ocrx_word' id='word_1_318' title='bbox 1631 3202 1791 3281; x_wconf 90' lang='lat' dir='ltr'><strong>quod</strong></span> <span class='ocrx_word' id='word_1_319' title='bbox 1812 3203 1971 3263; x_wconf 89' lang='lat' dir='ltr'><strong>inter</strong></span> <span class='ocrx_word' id='word_1_320' title='bbox 1992 3224 2192 3263; x_wconf 89' lang='lat' dir='ltr'><strong>omnes</strong></span> <span class='ocrx_word' id='word_1_321' title='bbox 2216 3210 2467 3276; x_wconf 87' lang='lat' dir='ltr'><strong>constat,</strong></span> 
     </span>
     <span class='ocr_line' id='line_1_36' title="bbox 262 3289 2468 3370; baseline 0.002 -22"><span class='ocrx_word' id='word_1_322' title='bbox 262 3289 474 3349; x_wconf 79' lang='lat' dir='ltr'><strong>omnino</strong></span> <span class='ocrx_word' id='word_1_323' title='bbox 502 3290 906 3349; x_wconf 87' lang='lat' dir='ltr'><strong>Romanorum</strong></span> <span class='ocrx_word' id='word_1_324' title='bbox 937 3292 1000 3351; x_wconf 93' lang='lat' dir='ltr'><strong>in</strong></span> <span class='ocrx_word' id='word_1_325' title='bbox 1030 3290 1326 3351; x_wconf 86' lang='lat' dir='ltr'><strong>Hibernia</strong></span> <span class='ocrx_word' id='word_1_326' title='bbox 1358 3298 1418 3352; x_wconf 92' lang='lat' dir='ltr'><strong>et</strong></span> <span class='ocrx_word' id='word_1_327' title='bbox 1446 3293 1712 3352; x_wconf 88' lang='lat' dir='ltr'><strong>Albania</strong></span> <span class='ocrx_word' id='word_1_328' title='bbox 1742 3292 2142 3370; x_wconf 90' lang='lat' dir='ltr'><strong>principatum</strong></span> <span class='ocrx_word' id='word_1_329' title='bbox 2171 3312 2358 3369; x_wconf 88' lang='lat' dir='ltr'><strong>usque</strong></span> <span class='ocrx_word' id='word_1_330' title='bbox 2390 3293 2468 3353; x_wconf 88' lang='lat' dir='ltr'><strong>ad</strong></span> 
     </span>
     <span class='ocr_line' id='line_1_37' title="bbox 264 3378 2466 3461; baseline 0 -22"><span class='ocrx_word' id='word_1_331' title='bbox 264 3378 457 3439; x_wconf 82' lang='lat' dir='ltr'><strong>saeculi</strong></span> <span class='ocrx_word' id='word_1_332' title='bbox 500 3378 833 3438; x_wconf 88' lang='lat' dir='ltr'><strong>duodecimi</strong></span> <span class='ocrx_word' id='word_1_333' title='bbox 877 3387 1148 3460; x_wconf 90' lang='lat' dir='ltr'><strong>tempora</strong></span> <span class='ocrx_word' id='word_1_334' title='bbox 1191 3381 1255 3439; x_wconf 85' lang='lat' dir='ltr'><strong>vi</strong></span> <span class='ocrx_word' id='word_1_335' title='bbox 1310 3387 1490 3457; x_wconf 88' lang='lat' dir='ltr'><strong>atque</strong></span> <span class='ocrx_word' id='word_1_336' title='bbox 1546 3381 1809 3441; x_wconf 87' lang='lat' dir='ltr'><strong>efficacia</strong></span> <span class='ocrx_word' id='word_1_337' title='bbox 1862 3402 2145 3461; x_wconf 88' lang='lat' dir='ltr'><strong>persaepe</strong></span> <span class='ocrx_word' id='word_1_338' title='bbox 2191 3382 2466 3442; x_wconf 89' lang='lat' dir='ltr'><strong>caruisse.</strong></span> 
     </span>
     <span class='ocr_line' id='line_1_38' title="bbox 419 3466 2468 3549; baseline 0 -22"><span class='ocrx_word' id='word_1_339' title='bbox 419 3466 533 3527; x_wconf 84' lang='lat' dir='ltr'><strong>Sed</strong></span> <span class='ocrx_word' id='word_1_340' title='bbox 577 3488 709 3527; x_wconf 89' lang='lat' dir='ltr'><strong>cum</strong></span> <span class='ocrx_word' id='word_1_341' title='bbox 754 3488 948 3527; x_wconf 87' lang='lat' dir='ltr'><strong>meum</strong></span> <span class='ocrx_word' id='word_1_342' title='bbox 1006 3490 1131 3529; x_wconf 89' lang='lat' dir='ltr'><strong>esse</strong></span> <span class='ocrx_word' id='word_1_343' title='bbox 1184 3488 1308 3529; x_wconf 89' lang='lat' dir='ltr'><strong>non</strong></span> <span class='ocrx_word' id='word_1_344' title='bbox 1361 3469 1697 3549; x_wconf 86' lang='lat' dir='ltr'><strong>putaverim</strong></span> <span class='ocrx_word' id='word_1_345' title='bbox 1751 3472 1911 3531; x_wconf 90' lang='lat' dir='ltr'><strong>ultra</strong></span> <span class='ocrx_word' id='word_1_346' title='bbox 1964 3491 2183 3530; x_wconf 91' lang='lat' dir='ltr'><strong>annum</strong></span> <span class='ocrx_word' id='word_1_347' title='bbox 2230 3471 2468 3530; x_wconf 82' lang='lat' dir='ltr'><strong>circiter</strong></span> 
     </span>
     <span class='ocr_line' id='line_1_39' title="bbox 272 3555 2466 3637; baseline 0.001 -23"><span class='ocrx_word' id='word_1_348' title='bbox 272 3557 303 3614; x_wconf 89' lang='lat'><strong>7</strong></span> <span class='ocrx_word' id='word_1_349' title='bbox 312 3555 378 3614; x_wconf 81' lang='lat'><strong>31</strong></span> <span class='ocrx_word' id='word_1_350' title='bbox 422 3555 724 3616; x_wconf 86' lang='lat' dir='ltr'><strong>historiam</strong></span> <span class='ocrx_word' id='word_1_351' title='bbox 768 3558 1067 3635; x_wconf 85' lang='lat' dir='ltr'><strong>prosequi,</strong></span> <span class='ocrx_word' id='word_1_352' title='bbox 1113 3577 1430 3636; x_wconf 88' lang='lat' dir='ltr'><strong>pergamus</strong></span> <span class='ocrx_word' id='word_1_353' title='bbox 1475 3558 1553 3618; x_wconf 89' lang='lat' dir='ltr'><strong>ad</strong></span> <span class='ocrx_word' id='word_1_354' title='bbox 1593 3579 1686 3632; x_wconf 90' lang='lat' dir='ltr'><strong>ea,</strong></span> <span class='ocrx_word' id='word_1_355' title='bbox 1734 3580 1883 3637; x_wconf 88' lang='lat' dir='ltr'><strong>quae</strong></span> <span class='ocrx_word' id='word_1_356' title='bbox 1927 3565 2174 3618; x_wconf 87' lang='lat' dir='ltr'><strong>restant.</strong></span> <span class='ocrx_word' id='word_1_357' title='bbox 2234 3560 2466 3635; x_wconf 90' lang='lat' dir='ltr'><strong>Itaque,</strong></span> 
     </span>
     <span class='ocr_line' id='line_1_40' title="bbox 270 3645 2468 3733; baseline 0.001 -29"><span class='ocrx_word' id='word_1_358' title='bbox 270 3650 331 3704; x_wconf 86' lang='grc'><strong>111</strong></span> <span class='ocrx_word' id='word_1_359' title='bbox 378 3647 711 3723; x_wconf 79' lang='lat' dir='ltr'><strong>expleantur</strong></span> <span class='ocrx_word' id='word_1_360' title='bbox 765 3651 826 3705; x_wconf 90' lang='lat' dir='ltr'><strong>et</strong></span> <span class='ocrx_word' id='word_1_361' title='bbox 881 3645 1327 3721; x_wconf 89' lang='lat' dir='ltr'><strong>confirmentur,</strong></span> <span class='ocrx_word' id='word_1_362' title='bbox 1386 3668 1538 3725; x_wconf 90' lang='lat' dir='ltr'><strong>quae</strong></span> <span class='ocrx_word' id='word_1_363' title='bbox 1584 3668 1764 3733; x_wconf 77' lang='lat' dir='ltr'><strong>supra</strong></span> <span class='ocrx_word' id='word_1_364' title='bbox 1810 3648 2266 3726; x_wconf 87' lang='lat' dir='ltr'><strong>disputavimus,</strong></span> <span class='ocrx_word' id='word_1_365' title='bbox 2315 3648 2468 3707; x_wconf 87' lang='lat' dir='ltr'><strong>sicut</strong></span> 
     </span>
     <span class='ocr_line' id='line_1_41' title="bbox 274 3734 762 3811; baseline 0.002 -19"><span class='ocrx_word' id='word_1_366' title='bbox 274 3734 604 3811; x_wconf 85' lang='lat' dir='ltr'><strong>propositum</strong></span> <span class='ocrx_word' id='word_1_367' title='bbox 657 3739 762 3808; x_wconf 88' lang='grc'>031,</span> 
     </span>
    </p>
   </div>
   <div class='ocr_carea' id='block_1_6' title="bbox 281 3956 2464 4139">
    <p class='ocr_par' dir='ltr' id='par_1_10' title="bbox 281 3956 2464 4139">
     <span class='ocr_line' id='line_1_42' title="bbox 281 3956 2464 4049; baseline 0.002 -23"><span class='ocrx_word' id='word_1_368' title='bbox 281 3960 351 4027; x_wconf 88' lang='grc'><strong>(10</strong></span> <span class='ocrx_word' id='word_1_369' title='bbox 388 3956 600 4028; x_wconf 85' lang='lat' dir='ltr'><strong>Scotis</strong></span> <span class='ocrx_word' id='word_1_370' title='bbox 647 3962 1041 4030; x_wconf 86' lang='lat' dir='ltr'><strong>Hiberniae</strong></span> <span class='ocrx_word' id='word_1_371' title='bbox 1085 3964 1163 4030; x_wconf 92' lang='lat' dir='ltr'><strong>in</strong></span> <span class='ocrx_word' id='word_1_372' title='bbox 1209 3964 1650 4033; x_wconf 85' lang='lat' dir='ltr'><strong>continentis</strong></span> <span class='ocrx_word' id='word_1_373' title='bbox 1681 3965 1907 4041; x_wconf 85' lang='lat' dir='ltr'><strong>terris</strong></span> <span class='ocrx_word' id='word_1_374' title='bbox 1938 3966 2464 4049; x_wconf 79' lang='lat' dir='ltr'><strong>peregrinanti·</strong></span> 
     </span>
     <span class='ocr_line' id='line_1_43' title="bbox 352 4049 2377 4139; baseline 0.004 -25"><span class='ocrx_word' id='word_1_375' title='bbox 352 4049 495 4130; x_wconf 75' lang='lat' dir='ltr'><strong>buS‚</strong></span> <span class='ocrx_word' id='word_1_376' title='bbox 552 4050 637 4118; x_wconf 83' lang='grc'><strong>(10</strong></span> <span class='ocrx_word' id='word_1_377' title='bbox 676 4050 1019 4119; x_wconf 81' lang='lat' dir='ltr'><strong>Columba</strong></span> <span class='ocrx_word' id='word_1_378' title='bbox 1060 4051 1500 4121; x_wconf 85' lang='lat' dir='ltr'><strong>Luxoviensi</strong></span> <span class='ocrx_word' id='word_1_379' title='bbox 1548 4056 1623 4122; x_wconf 90' lang='lat' dir='ltr'><strong>et</strong></span> <span class='ocrx_word' id='word_1_380' title='bbox 1667 4054 1753 4121; x_wconf 83' lang='grc'><strong>(10</strong></span> <span class='ocrx_word' id='word_1_381' title='bbox 1798 4052 1951 4138; x_wconf 86' lang='lat' dir='ltr'><strong>ejus</strong></span> <span class='ocrx_word' id='word_1_382' title='bbox 2000 4055 2377 4139; x_wconf 78' lang='lat' dir='ltr'><strong>discipulis</strong></span> 
     </span>
    </p>
   </div>
   <div class='ocr_carea' id='block_1_7' title="bbox 288 4174 2467 4349">
    <p class='ocr_par' dir='ltr' id='par_1_11' title="bbox 288 4174 2467 4349">
     <span class='ocr_line' id='line_1_44' title="bbox 288 4174 2467 4261; baseline 0.005 -28"><span class='ocrx_word' id='word_1_383' title='bbox 288 4174 494 4255; x_wconf 87' lang='lat' dir='ltr'><strong>denique</strong></span> <span class='ocrx_word' id='word_1_384' title='bbox 540 4178 710 4237; x_wconf 89' lang='lat' dir='ltr'><strong>nobis</strong></span> <span class='ocrx_word' id='word_1_385' title='bbox 742 4178 1145 4239; x_wconf 85' lang='lat' dir='ltr'><strong>disserendum</strong></span> <span class='ocrx_word' id='word_1_386' title='bbox 1177 4187 1283 4240; x_wconf 89' lang='lat' dir='ltr'><strong>est.</strong></span> <span class='ocrx_word' id='word_1_387' title='bbox 1343 4180 1496 4242; x_wconf 86' lang='lat' dir='ltr'><strong>Nam</strong></span> <span class='ocrx_word' id='word_1_388' title='bbox 1530 4202 1660 4241; x_wconf 91' lang='lat' dir='ltr'><strong>cum</strong></span> <span class='ocrx_word' id='word_1_389' title='bbox 1697 4182 2142 4260; x_wconf 83' lang='lat' dir='ltr'><strong>peregrinantes</strong></span> <span class='ocrx_word' id='word_1_390' title='bbox 2174 4204 2205 4242; x_wconf 92' lang='lat' dir='ltr'><strong>e</strong></span> <span class='ocrx_word' id='word_1_391' title='bbox 2236 4184 2467 4261; x_wconf 86' lang='lat' dir='ltr'><strong>patriae</strong></span> 
     </span>
     <span class='ocr_line' id='line_1_45' title="bbox 289 4264 2466 4349; baseline 0.003 -23"><span class='ocrx_word' id='word_1_392' title='bbox 289 4284 398 4326; x_wconf 78' lang='lat' dir='ltr'><strong>suae</strong></span> <span class='ocrx_word' id='word_1_393' title='bbox 434 4264 489 4323; x_wconf 91' lang='lat' dir='ltr'><strong>in</strong></span> <span class='ocrx_word' id='word_1_394' title='bbox 535 4268 811 4327; x_wconf 84' lang='lat' dir='ltr'><strong>extremis</strong></span> <span class='ocrx_word' id='word_1_395' title='bbox 866 4267 1027 4328; x_wconf 90' lang='lat' dir='ltr'><strong>orbis</strong></span> <span class='ocrx_word' id='word_1_396' title='bbox 1082 4276 1378 4329; x_wconf 86' lang='lat' dir='ltr'><strong>terrarum</strong></span> <span class='ocrx_word' id='word_1_397' title='bbox 1432 4271 1649 4331; x_wconf 89' lang='lat' dir='ltr'><strong>finibus</strong></span> <span class='ocrx_word' id='word_1_398' title='bbox 1700 4271 1931 4349; x_wconf 89' lang='lat' dir='ltr'><strong>positae</strong></span> <span class='ocrx_word' id='word_1_399' title='bbox 1985 4271 2348 4333; x_wconf 88' lang='lat' dir='ltr'><strong>umbraculis</strong></span> <span class='ocrx_word' id='word_1_400' title='bbox 2402 4273 2466 4332; x_wconf 91' lang='lat' dir='ltr'><strong>in</strong></span> 
     </span>
    </p>
   </div>
  </div>
 </body>
</html>
