3025 4909
1448 160 1893 219 ..32-

556 433 799 489 auctore
844 426 1149 500 Amando,
1217 446 1391 503 quem
1435 425 1745 484 Ebrardus
1789 429 2001 503 utpote
2057 424 2481 499 „Culdeorum
2551 422 2865 482 inimicis·

558 516 807 578 simum“
837 514 1276 594 despiciendum
1314 514 1515 591 potius
1561 534 1740 591 quam
1784 514 2099 573 amandum
2146 534 2273 573 esse
2317 513 2621 585 censuit,
2676 511 2866 571 simili

563 606 738 665 modo
795 624 978 683 penes
1035 604 1367 663 abbatissas
1420 603 1604 662 fuisse
1661 603 1899 663 videtur
1951 623 2179 662 summa
2222 603 2596 663 auctoritas
2651 600 2858 677 (Rett-

562 696 725 771 berg,
770 692 1371 770 Kirchengesehichte
1416 691 1855 751 Deutschlands
1895 692 1947 762 Ι,
1993 713 2051 769 p.
2100 691 2228 769 56).

562 841 569 852 ,
733 782 943 860 Neque
986 783 1052 841 in
1093 782 1184 855 iis,
1230 801 1381 857 quae
1425 786 1736 859 praeterea
1779 780 1853 840 de
1897 781 1956 840 Ν
1956 780 2469 859 ordanhymbriae
2529 784 2853 839 monaste·

557 872 664 933 riis
708 877 853 931 nota
895 877 1051 944 sunt,
1100 869 1417 948 quicquam
1462 868 1600 928 miri
1644 870 1924 929 cernitur.
2012 870 2105 929 Ne
2149 870 2299 930 illud
2344 870 2632 946 quidem
2686 869 2849 927 affir-

558 960 710 1020 mari
740 965 940 1038 potest
969 958 1232 1034 (Ebrard
1260 978 1320 1035 p.
1355 960 1384 1016 1
1397 959 1525 1034 93),
1565 958 1725 1036 quod
1753 978 1944 1018 annus
1974 960 2345 1037 probationis
2373 960 2490 1019 vel
2527 958 2851 1017 brevioris

559 1049 863 1125 cujusdam
907 1047 1168 1107 tirocinii
1212 1054 1465 1126 tempus,
1509 1050 1682 1123 cujus
1720 1048 2079 1108 mentionem
2123 1069 2305 1126 supra
2341 1048 2460 1107 ubi
2496 1048 2588 1106 de
2624 1048 2845 1106 Hiien·

558 1138 723 1198 sibus
767 1137 1058 1213 agebatur
1103 1138 1185 1213 (p.
1233 1137 1349 1214 69)
1393 1135 1881 1209 desideravimus,
1949 1136 2012 1194 in
2056 1138 2115 1199 N
2115 1137 2659 1213 ordanhymbriae
2725 1155 2844 1194 mo·

559 1225 833 1287 nasturiis
891 1224 1071 1284 moris
1129 1244 1248 1283 non
1300 1224 1515 1297 fuerit,
1583 1244 1723 1284 nam
1765 1225 1993 1284 Bedam
2044 1226 2312 1286 invenies
2356 1226 2442 1301 (h.
2501 1247 2562 1285 e.
2620 1226 2687 1297 4,
2738 1225 2835 1297 23,

562 1317 599 1394 ὅ
634 1316 788 1391 330)
833 1315 1174 1392 loquentem
1233 1312 1307 1372 de
1366 1311 1635 1373 extremi-3
1690 1313 2029 1374 monasterii
2070 1316 2400 1393 [Haconos]
2465 1311 2670 1384 tocie,
2743 1310 2844 1372 ubi

563 1422 751 1485 nuper
777 1402 1054 1462 venientes
1084 1401 1166 1460 ad
1197 1400 1683 1463 conversationem
1709 1400 1975 1483 feminae
2010 1400 2264 1465 solebant
2296 1401 2596 1483 probari,
2648 1402 2830 1463 donec

559 1488 901 1574 reyvdmiter
942 1487 1229 1550 institutae
1271 1489 1334 1549 in
1376 1489 1698 1551 societatem
1740 1491 2195 1572 cmiqreqationie
2238 1490 2720 1573 susciperentur.

738 1580 993 1657 Propria
1038 1586 1234 1638 autem
1279 1579 1372 1638 his
1419 1579 1730 1639 Scotorum
1774 1582 2148 1641 monasteriis
2206 1582 2365 1641 haud
2424 1582 2634 1641 dubie
2697 1585 2824 1641 erat

561 1669 785 1747 regula,
829 1668 1150 1728 secundum
1198 1687 1375 1744 quam
1418 1668 1549 1728 vita
1591 1669 1933 1729 monachica
1975 1670 2255 1731 instituta
2298 1676 2445 1743 erat,
2498 1691 2659 1729 nam
2707 1689 2824 1727 non

561 1778 712 1837 opus
773 1763 865 1818 est
924 1776 1381 1820 conmemorare
1441 1756 1538 1817 Sti
1595 1758 1907 1818 Benedicti
1964 1760 2261 1836 regulam,
2331 1759 2575 1837 quippe
2643 1777 2816 1836 quam

559 1848 788 1925 primus
847 1845 1165 1905 Wilfridus
1222 1846 1284 1903 in
1345 1846 1720 1906 Britanniam
1778 1848 2074 1908 invexerit
2129 1848 2263 1924 (vit.
2308 1847 2520 1907 Wilfr.
2582 1843 2821 1916 XLIV,

560 1936 718 1996 Mab.
763 1935 875 2007 IV,
914 1936 968 2008 1,
1020 1956 1078 2011 p.
1129 1935 1300 2011 705),
1344 1941 1512 1995 vtunc
1571 1937 1859 2012 temporis
1916 1937 1981 1995 in
2038 1937 2357 1997 Britannia
2415 1943 2647 1996 notam
2707 1954 2819 1993 non

562 2023 758 2086 fuisse.
850 2021 970 2081 Sed
1028 2024 1101 2081 de
1157 2024 1268 2083 hac
1323 2044 1387 2082 re
1449 2025 1611 2103 apud
1667 2024 1898 2083 Bedam
1958 2026 2045 2085 nil
2105 2032 2303 2085 exstat
2362 2031 2424 2084 et
2489 2046 2659 2102 quae
2714 2042 2816 2081 nos

562 2113 813 2173 doceant
843 2110 1165 2172 Columbae
1211 2112 1604 2172 Luxoviensis
1647 2114 2017 2187 monasteria,
2062 2115 2221 2174 infra
2263 2114 2633 2174 videbimus.
2696 2110 2813 2170 Ita·

564 2220 680 2279 que
725 2201 804 2259 ad
847 2206 1173 2262 extremum
1216 2201 1515 2260 mentione
1561 2202 1721 2261 facta
1764 2202 1925 2262 vitae
1981 2204 2360 2262 eremitarum
2416 2203 2484 2262 in
2534 2204 2599 2263 N
2599 2201 2803 2261 ordan·

560 2289 833 2367 hymbria
879 2309 1114 2367 quoque
1158 2289 1435 2349 inventae
1482 2290 1683 2368 (Beda
1726 2291 1830 2350 vit.
1878 2290 2066 2351 Oudb.
2119 2294 2217 2366 17,
2279 2292 2315 2368 ξ
2366 2292 2471 2366 29,
2540 2291 2807 2351 Stevens.

562 2378 650 2452 II,
696 2399 755 2456 p.
802 2379 905 2450 83,
952 2380 1023 2437 cf.
1077 2379 1174 2451 18,
1221 2379 1256 2455 ἓ
1305 2379 1382 2437 31
1434 2399 1539 2456 sq„
1585 2400 1645 2456 p.
1678 2379 1788 2456 85)
1835 2380 1909 2439 de
1953 2382 2080 2441 vita
2125 2379 2473 2440 monachica
2522 2382 2635 2440 hoc
2678 2378 2799 2435 loeo

563 2467 708 2527 satis
752 2467 833 2526 sit
875 2466 1259 2545 disputatum.

741 2554 827 2614 Et
856 2555 1001 2615 satis
1032 2575 1219 2633 paene
1250 2556 1324 2615 de
1368 2562 1498 2615 tota
1544 2557 1806 2630 ecclesia,
1853 2577 1984 2615 cum
2029 2563 2160 2617 tota
2193 2550 2510 2617 Scotorum
2561 2554 2796 2617 ecclesia

564 2645 910 2704 monasterii
955 2643 1210 2722 speciem
1257 2645 1561 2723 praebeati
1639 2646 1992 2722 Quanquam
2039 2646 2195 2705 enim
2243 2666 2451 2706 censeo
2501 2648 2569 2706 in
2614 2642 2795 2707 Nord-

563 2734 1024 2810 anhymbr'orum
1070 2733 1312 2792 ecclesia
1356 2734 1539 2793 fuisse
1586 2735 1843 2806 eletione,
1892 2735 1996 2811 qui
2041 2735 2313 2795 monachi
2358 2755 2479 2795 non
2514 2739 2689 2795 erant
2718 2764 2793 2778 --

563 2821 950 2900 'paucissimos
987 2822 1121 2880 illos
1153 2822 1389 2898 quidem
1426 2858 1501 2867 —-
1537 2829 1737 2883 tamen
1769 2829 1994 2882 certum
2039 2825 2216 2900 hujus
2259 2824 2349 2882 rei
2393 2822 2793 2884 testimonium

563 2910 828 2989 proferre
873 2930 992 2969 non
1035 2930 1290 2988 possum.
1380 2912 1729 2972 Provocabo
1774 2917 1974 2971 tamen
2020 2913 2098 2971 ad
2142 2912 2343 2972 Bedae
2404 2913 2561 2972 illud
2619 2927 2792 2983 „nam

563 2995 836 3058 monachi
877 3007 1041 3058 erant
1084 2998 1409 3070 maxime,
1478 2999 1583 3080 qui
1633 3000 1719 3060 ad
1764 3000 2241 3081 praedicandum
2294 3010 2569 3061 venerant
2614 3001 2694 3077 (h.
2744 3016 2786 3054 c·

568 3089 625 3160 3,
661 3089 719 3161 3,
767 3089 801 3165 ᾖ
840 3089 991 3164 157)
1038 3093 1100 3147 et
1143 3088 1220 3147 ad
1265 3108 1515 3151 canones
1560 3090 1946 3163 Hibernicos,
2008 3091 2110 3167 qui
2163 3090 2323 3149 inter
2373 3090 2693 3150 monachos
2733 3087 2786 3143 et

564 3178 804 3237 clericos
834 3177 1146 3239 discrimen
1174 3197 1476 3255 nunquam
1507 3198 1628 3237 non
1656 3178 1901 3251 faciunt,
1941 3212 2015 3225 --
2050 3179 2154 3238 sed
2199 3179 2481 3238 confiteor
2525 3179 2780 3238 relictum

563 3286 690 3325 esse
735 3266 1126 3326 dubitationis
1185 3268 1394 3326 locum.
1484 3266 1577 3326 Eo
1623 3267 1812 3344 magis
1856 3267 1998 3327 licet
2040 3272 2239 3327 tacere
2283 3268 2357 3327 de
2403 3262 2782 3328 matrimoniis

563 3354 927 3425 clericorum,
974 3375 1224 3431 quorum
1270 3357 1495 3414 nullum
1540 3356 1742 3416 inveni
1782 3356 2118 3433 vestigium.
2179 3356 2380 3417 Unum
2422 3358 2611 3415 solum
2654 3350 2775 3412 affe·

563 3463 692 3503 ram
738 3449 1168 3520 argumentum,
1214 3444 1372 3521 quod
1417 3444 1782 3505 demonstret
1827 3445 1984 3523 apud
2005 3445 2224 3511 *Scotos
2270 3444 2499 3505 clericis
2550 3479 2625 3491 --
2671 3456 2777 3500 non

564 3532 778 3592 addam
823 3531 1192 3609 superiorum
1235 3533 1545 3610 graduum,
1590 3541 1728 3593 nam
1772 3533 1858 3592 nil
1897 3534 2104 3606 haben,
2153 3535 2312 3610 quod
2341 3534 2452 3593 hoc
2482 3531 2770 3594 discrimen

562 3621 774 3680 faciam
835 3655 923 3666 -—
982 3641 1102 3679 non
1160 3622 1393 3682 licuisse
1451 3622 1653 3682 vivere
1711 3621 1775 3679 in
1834 3622 2246 3682 matrimoniis.
2334 3623 2412 3681 In
2472 3619 2770 3683 canonibus

566 3709 721 3767 enim
767 3710 1114 3769 Hibernicis
1159 3710 1261 3769 lib.
1307 3711 1408 3769 XI
1456 3732 1504 3769 c.
1554 3712 1592 3769 2
1625 3732 1713 3786 sq.
1759 3711 1982 3789 scripta
2036 3717 2176 3771 sunt
2220 3713 2365 3772 haec
2408 3714 2616 3772 verba:
2657 3701 2768 3767 Au⁴

502 3799 506 3803 ’
559 3795 822 3878 φωίίηαθ
875 3796 985 3857 ait:
1051 3797 1153 3881 qui
1210 3797 1317 3860 cub
1365 3799 1565 3880 yradu
1624 3797 1824 3859 cecidit
1874 3808 2018 3879 poet
2078 3799 2453 3882 penitentiam
2508 3801 2769 3861 conteram-s

538 3885 663 3969 fiat
707 3884 1030 3966 baptizare,
1091 3886 1552 3949 communionem
1609 3887 1754 3948 dare
1805 3887 2050 3973 infirmis
2093 3897 2145 3948 et
2189 3886 2403 3948 altario
2446 3887 2768 3949 ministrare·

564 3973 841 4056 ›Synodus
885 3971 1283 4035 Hiber-niensis
1327 3976 1601 4048 decrevit,
1661 3985 1725 4036 ut
1776 3975 1838 4037 in
1883 3976 2409 4059 pereqvinationem
2462 3974 2686 4038 eoeierint
2722 3972 2765 4025 6²5
2837 4030 2845 4039 .

561 4063 645 4124 ibi
684 4061 1016 4125 ‘ministrare
1067 4062 1173 4123 sub
1224 4084 1406 4125 manu
1459 4064 1699 4125 abbatis.
1788 4062 2130 4126 Humanitas
2174 4075 2365 4126 autem
2410 4064 2767 4127 fflbmmzses

558 4152 1011 4235 interpretantur
1066 4172 1246 4215 causa
1292 4153 1607 4236 paucitatis
1668 4153 2058 4227 sacerdotum,
2124 4163 2189 4214 ut
2237 4164 2375 4234 poet
2415 4147 2764 4237 penitentiam

558 4251 957 4304 consecrentur
990 4261 1103 4324 per
1149 4262 1358 4301 manue
1399 4242 1817 4323 inpositionem,
1861 4252 1914 4303 et
1955 4242 2018 4303 in
2061 4240 2282 4304 cilentio
2325 4243 2639 4305 ministrent
2676 4228 2766 4295 8αό
