3025 4909
1455 199 1890 256 -70-

551 376 811 437 Betbam
856 375 953 449 ΙΙ,
1016 396 1150 453 οΡΡ.
1196 396 1254 453 p.
1302 375 1563 448 XXVI3
1623 374 1881 435 Adamn.
1926 377 2032 436 vit.
2080 375 2204 435 Col.
2254 376 2312 447 2,
2371 376 2469 447 69,
2554 393 2630 450 p.
2692 373 2864 442 2223
2984 415 2985 432 2

563 468 616 539 1,
669 465 769 538 15,
816 486 874 543 p.
909 466 1065 537 203;
1119 467 1173 539 1,
1227 464 1326 539 14,
1371 487 1428 544 p.
1464 466 1592 523 203
1641 471 1703 524 01
1747 465 1933 542 alibi),
1982 471 2155 525 tanta
2198 470 2346 536 erat,
2392 471 2462 522 ut
2517 481 2860 520 nonnum·

555 574 733 630 quam
765 553 932 614 flexis
964 554 1216 631 genibus
1247 554 1325 613 ad
1355 574 1488 612 eum
1520 554 1866 613 accederent
1895 553 2167 613 monachi
2198 554 2300 629 (ib.
2335 554 2391 625 3,
2425 553 2546 625 87,
2591 572 2668 629 p.
2704 551 2861 620 228,

555 644 627 702 cf.
686 644 740 715 1,
791 645 846 716 6,
893 665 951 722 p.
1001 644 1173 720 201),
1232 649 1302 701 ut
1355 663 1429 702 ex
1474 642 1729 702 arbitrio
1774 644 1955 703 etiam
1999 643 2287 702 inusitata
2331 642 2478 700 hora
2538 641 2668 701 vel
2724 640 2862 717 ipsa

554 739 727 791 nocte
788 751 897 808 per
958 752 1126 791 suum
1182 731 1490 810 proprium
1547 732 1882 791 ministrum
1928 731 2212 808 (Adamn.
2257 731 2362 790 vit.
2410 729 2552 789 col.
2630 731 2698 800 1,
2764 730 2867 785 11.

558 822 660 878 22.
711 821 812 879 25.
863 822 943 879 26
994 820 1162 896 alibi)
1223 822 1396 898 pulsa
1451 822 1644 880 clocca
1699 822 1914 880 fratres
1975 821 2038 879 in
2085 820 2387 879 ecclesiam
2435 816 2865 878 convocandi

553 915 914 988 potestatem
973 909 1222 968 baberet
1282 910 1384 985 (ib.
1438 912 1490 982 1,
1545 911 1643 982 11,
1699 930 1756 987 p.
1806 910 1968 982 2023
2037 911 2089 982 1,
2142 911 2244 981 21,
2299 930 2356 987 p.
2407 907 2608 984 205).
2730 908 2867 967 Nec

553 1005 753 1058 tamen
810 998 911 1054 ille
967 998 1125 1056 solus
1180 998 1452 1057 omnibus
1497 1000 1915 1057 monachorum
1962 998 2175 1058 studiis
2221 999 2315 1058 vel
2364 997 2694 1074 operibus
2748 1015 2864 1053 nec

556 1088 715 1146 solus
762 1085 1035 1163 regendis
1075 1086 1315 1164 populis
1358 1094 1653 1165 praeerat,
1700 1089 1803 1147 sed
1835 1108 1870 1146 a
1901 1088 2233 1146 senioribus
2263 1086 2352 1145 ita
2383 1085 2861 1161 adjuvabatur,

554 1180 625 1233 ut
669 1174 974 1251 graviores
1020 1195 1113 1234 res
1161 1195 1279 1234 non
1325 1176 1450 1234 sine
1498 1195 1699 1234 eorum
1746 1176 1990 1236 consilio
2038 1176 2394 1251 dijudicaret
2425 1174 2655 1250 (Beda
2705 1174 2775 1230 h.
2812 1193 2865 1230 0.

558 1265 615 1335 3,
667 1264 703 1321 5
753 1265 787 1342 ξ
841 1263 992 1341 164)
1055 1269 1116 1322 01
1175 1270 1244 1322 111
1303 1284 1486 1323 unum
1549 1285 1623 1323 ex
1681 1264 1799 1325 illis
1848 1264 2188 1341 junioribus
2235 1262 2599 1343 praeficeret
2662 1282 2857 1339 prae-

555 1352 815 1431 positum
876 1352 981 1428 (ib.
1047 1354 1099 1425 1,
1158 1354 1258 1425 33,
1313 1375 1372 1430 p.
1422 1354 1576 1430 210)
1636 1355 1732 1414 vel
1794 1355 1897 1429 (ib.
1961 1356 2014 1426 1,
2073 1355 2174 1427 30,
2229 1376 2288 1431 p.
2338 1354 2492 1428 209)
2558 1371 2863 1430 operum

555 1441 1040 1518 dispensatorem.
1116 1441 1336 1501 Tribus
1383 1448 1581 1501 autem
1627 1442 1856 1501 diurnis
1901 1443 2181 1520 operibus
2228 1442 2388 1519 apud
2418 1440 2855 1499 Adamanum

556 1531 873 1589 monachos
918 1528 1251 1589 invenimus
1296 1531 1577 1603 intentos,
1624 1531 1848 1603 iisdem,
1898 1552 2048 1608 quae
2095 1533 2158 1589 in
2203 1532 2426 1607 regula,
2476 1550 2655 1607 quae
2705 1549 2852 1607 per-

555 1639 758 1696 peram
791 1617 1114 1677 Columbae
1161 1620 1517 1679 attribuitur
1563 1621 1667 1696 (H.
1701 1621 1818 1679 and
1849 1619 1937 1679 St.
1969 1620 2055 1692 ΙΙ,
2113 1623 2139 1678 1
2188 1640 2245 1697 Ρ.
2284 1621 2453 1696 120),
2500 1618 2859 1677 monachis

555 1707 941 1765 mandantur:
969 1708 1374 1782 orationibus,
1420 1709 1742 1782 laboribus,
1788 1710 2155 1769 lectionibus.
2230 1709 2438 1784 Neque
2483 1708 2602 1767 1100
2665 1708 2743 1765 111
2780 1727 2851 1765 re

561 1796 877 1873 quicquam
924 1797 1301 1874 conspicuum
1349 1805 1439 1857 est
1483 1798 1602 1857 nisi
1646 1798 1710 1856 in
1756 1799 2124 1857 orationibus
2169 1796 2629 1857 decantationes
2690 1797 2859 1853 illae

557 1886 915 1964 psalmorum
976 1885 1257 1961 (Adamn.
1305 1887 1395 1945 vit
1442 1886 1567 1946 Col.
1622 1888 1674 1958 1,
1725 1888 1825 1959 31,
1881 1909 1938 1964 Ρ.
1989 1888 2170 1963 209),
2233 1887 2306 1945 (10
2368 1885 2589 1962 quibus
2663 1886 2849 1943 infra

558 1975 731 2052 plura
791 1974 1042 2032 dicenda
1101 1983 1265 2048 sunt,
1325 1975 1389 2033 in
1445 1975 1750 2034 laboribus
1804 1977 1947 2049 tria,
2010 1996 2161 2053 quae
2223 1983 2546 2034 occurrunt
2603 1993 2843 2033 eorum

561 2082 802 2139 genera,
865 2061 1120 2138 primum
1180 2064 1477 2123 scribendi
1540 2062 1820 2140 (Adamn.
1876 2066 1927 2138 1,
1977 2066 2078 2139 22,
2134 2085 2191 2143 Ρ.
2243 2066 2415 2140 206),
2480 2063 2837 2122 secundum

559 2170 778 2224 eorum,
827 2150 931 2227 qui
974 2150 1036 2208 in
1081 2152 1211 2230 ipso
1258 2153 1617 2212 monasterio
1662 2154 2007 2230 perficiendi
2053 2160 2226 2213 erant
2273 2152 2560 2229 (Adamn.
2601 2155 2663 2225 1,
2724 2153 2838 2221 22,

559 2262 615 2319 Ρ.
652 2241 806 2311 206;
858 2240 914 2313 2,
950 2239 1051 2314 52,
1091 2263 1148 2320 Ρ.
1184 2242 1356 2317 217),
1403 2242 1650 2300 tertium
1697 2261 1913 2315 eorum,
1962 2263 2107 2320 quos
2155 2243 2524 2319 agricultura
2574 2242 2833 2300 ferebat

560 2329 664 2405 (ib.
703 2330 757 2401 1,
793 2330 894 2401 30,
940 2349 997 2406 Ρ.
1033 2331 1205 2406 209).
1280 2330 1555 2407 Ι)0111(1110
1602 2351 1720 2389 11011
1768 2332 2036 2392 0111111οῙ11
2085 2351 2540 2390 commemorare
2571 2332 2835 2389 labores

557 2418 694 2476 illos
739 2438 1115 2494 nequaquam
1161 2419 1224 2477 in
1271 2418 1533 2496 singulas
1580 2419 1700 2478 diei
1746 2421 1922 2480 horas
1967 2427 2130 2480 certa
2171 2421 2427 2498 quadam
2458 2421 2593 2496 lege
2624 2419 2834 2478 fuisse

561 2506 941 2583 distributos,
1009 2508 1113 2566 sed
1156 2509 1449 2585 perfectos
1497 2528 1623 2568 esse
1669 2510 1764 2567 vel
1811 2510 2046 2585 quando
2092 2509 2409 2569 necessitas
2455 2509 2669 2568 aderat
2722 2506 2828 2566 vel

562 2596 799 2672 quando
846 2596 1149 2655 monachis
1196 2598 1290 2656 vel
1337 2598 1544 2656 abbati
1590 2597 1912 2657 collibebat
1959 2597 2240 2673 (Adamn.
2296 2599 2348 2670 1,
2398 2598 2500 2670 30,
2547 2619 2610 2675 Ρ.
2646 2597 2824 2667 209;

568 2685 621 2756 1,
671 2685 773 2757 21,
828 2706 885 2761 Ρ,
935 2685 1107 2761 205).
1184 2684 1475 2745 Attamen
1531 2686 1902 2745 horariarum
1957 2706 2198 2763 precum
2255 2686 2618 2745 mentionem
2668 2703 2822 2745 casu

564 2772 819 2849 quodam
868 2776 944 2833 ab
991 2773 1350 2833 Adamnano
1396 2775 1617 2833 factam
1663 2794 1782 2832 non
1829 2794 1954 2834 0000
2001 2775 2267 2854 opinor.1

740 2860 911 2921 Haec
955 2863 1256 2922 11001011110.
1331 2864 1485 2924 Nam
1532 2864 1608 2922 ad
1655 2864 2112 2941 comparandam
2153 2864 2457 2923 ecclesiam
2489 2862 2819 2923 Scotorum

563 2969 694 3008 cum
740 2948 1012 3010 Romana
1059 2950 1380 3011 Columbae
1426 2951 1679 3010 historia
1724 2972 1927 3011 ansam
1972 2973 2092 3011 non
2138 2954 2412 3031 praebet,
2475 2952 2619 3030 quia
2667 2960 2823 3012 tunc

560 3037 847 3116 temporis
906 3040 978 3099 de
1037 3039 1113 3098 iis
1173 3042 1374 3114 rebus,
1439 3060 1589 3117 (11100
1650 3042 2078 3119 posterioribus
2139 3042 2507 3120 temporibus
2571 3050 2814 3102 contro-

560 3128 816 3189 versiam
862 3129 1296 3203 excitaverunt,
1353 3149 1473 3188 non
1513 3133 1640 3205 jam
1687 3131 1993 3207 agebatur.
2083 3130 2437 3208 Quanquam
2484 3130 2648 3189 enim
2695 3130 2818 3190 Oo-

560 3218 762 3275 lumba
823 3220 1026 3278 eadem
1086 3218 1226 3278 festi
1283 3219 1579 3296 paschalis
1641 3221 2081 3297 computatione
2141 3221 2424 3279 utebatur
2484 3224 2546 3277 et
2600 3220 2813 3278 eadem

560 3311 808 3364 tonsura
863 3313 1133 3367 attonsus
1194 3312 1326 3366 erat
1369 3313 1552 3384 atque
1597 3307 1945 3386 posterioris
1990 3308 2276 3386 temporis
2322 3308 2489 3367 Scoti
2537 3341 2615 3354 —-
2670 3327 2811 3367 nam

564 3399 625 3452 et
666 3393 957 3454 Columba
987 3396 1383 3456 Luxoviensis
1427 3402 1746 3474 utrumque
1792 3417 2012 3455 morem
2054 3401 2179 3473 jam
2226 3405 2369 3456 tunc
2413 3397 2477 3455 in
2507 3396 2809 3456 Hibernia

552 3482 744 3542 fuisse
774 3483 945 3543 testis
978 3490 1069 3544 001
1092 3491 1153 3544 01
1170 3485 1339 3545 Beda
1360 3485 1577 3564 prioris
1602 3486 1959 3545 mentionem
1983 3487 2127 3545 fecit
2149 3487 2232 3562 (11.
2257 3507 2304 3547 e.
2333 3487 2387 3557 3,
2416 3486 2456 3542 4
2482 3487 2516 3564 ξ
2547 3488 2703 3562 160)
2724 3518 2803 3529 —-

562 3578 779 3644 tamen,
829 3593 960 3631 cum
992 3572 1282 3633 Columba
1325 3574 1478 3633 nihil
1518 3576 1847 3633 commercii
1877 3576 2157 3634 habuerit
2188 3596 2318 3634 cum
2347 3574 2655 3647 RomaniS,
2703 3575 2805 3633 ab·

557 3662 718 3734 jecta
772 3660 1116 3720 Adamnani
1174 3662 1400 3736 fabula,
1462 3682 1615 3738 quae
1673 3663 2020 3724 Oolumbam
2079 3664 2225 3723 facit
2283 3663 2804 3743 praenuntiantem

561 3749 826 3808 futuram
885 3750 958 3808 de
1021 3751 1386 3810 celebrandis
1438 3752 1607 3812 festis
1662 3752 1870 3811 diebus
1916 3753 2291 3831 paschalibus
2338 3752 2801 3813 controversiam

565 3839 650 3912 (1,
684 3839 742 3911 8,
788 3859 846 3916 Ρ.
880 3839 1051 3915 201),
1100 3840 1520 3919 suspicandum
1552 3846 1658 3914 est,
1706 3861 1837 3900 eum
1868 3861 1988 3900 non
2019 3842 2268 3916 novisse,
2315 3841 2459 3918 quid
2492 3842 2802 3901 Scotorum

564 3928 873 4004 proprium
918 3928 1011 3989 sit.

740 4016 949 4092 Neque
996 4017 1232 4076 omnino
1279 4017 1352 4075 de
1396 4021 1651 4095 utroque
1699 4039 1859 4078 more
1904 4020 2090 4078 multa
2137 4019 2384 4078 dicenda
2416 4026 2572 4078 sunt.
2648 4019 2800 4079 Nam

711 4226 733 4258 ²
772 4223 860 4279 De
907 4225 1226 4293 puellarum
1274 4227 1659 4292 monasteriis,
1714 4227 1785 4281 de
1833 4227 2033 4297 quibus
2071 4229 2440 4282 Adamnanus
2478 4230 2588 4283 nisi
2627 4230 2799 4283 semel

568 4298 643 4367 (2,
690 4296 773 4364 75,
813 4314 868 4365 p.
912 4296 1042 4366 224)
1080 4297 1426 4351 mentionem
1464 4314 1580 4351 non
1615 4297 1768 4366 fecit,
1810 4297 1957 4353 infra
1997 4301 2077 4368 (p.
2118 4299 2210 4369 81)
2252 4299 2453 4353 dicam.
