3025 4909
1394 165 1831 224 ...44—

485 348 633 407 duos
669 334 977 406 'Patricios
1038 345 1405 422 distinguere
1464 345 1655 404 coacti
1715 350 1871 403 sunt.
1965 343 2097 403 Tali
2160 344 2317 402 enim
2378 343 2556 402 modo
2614 348 2745 420 jam

484 436 792 496 annotatio
847 435 952 494 illa
998 435 1071 493 de
1118 434 1384 493 Patricio
1431 439 1492 492 et
1537 433 1812 492 Palladio
1860 433 2138 493 distinxit
2192 432 2350 493 inter
2394 433 2745 491 Palladium

482 521 944 609 ‚qui-Patricius
975 520 1093 583 alio
1122 522 1354 583 nomine
1383 519 1827 605 appellabataff‘
1858 528 1918 582 et
1947 521 2312 593 „secundum
2342 519 2746 592 Patricium&

483 614 813 674 Hiberniae
845 614 1176 692 apostolum
1212 613 1310 688 (cf.
1344 632 1524 689 supra
1553 632 1610 689 p.
1647 612 1774 689 35).
1865 611 2203 672 Palladium
2246 612 2431 689 igitur
2478 612 2747 671 alterum

484 705 650 763 illum
695 702 1023 764 Patricium
1070 722 1196 762 esse
1243 702 1471 781 opinor.

661 792 999 852 Palladium
1044 791 1509 867 intellegendum
1557 810 1681 849 esse
1714 790 1894 849 etiam
1935 791 1998 849 in
2029 790 2198 849 Fieci
2227 790 2443 867 hymno
2478 792 2749 850 alterum

483 882 815 943 Patricium
862 880 1156 940 affirmare
1201 900 1320 939 non
1368 879 1594 939 dubito.
1686 879 1851 956 Ergo
1896 879 2061 938 Fieci
2106 879 2357 957 hymnus
2403 901 2525 939 non
2572 880 2752 957 prius

485 971 845 1050 compositus
909 975 1022 1043 est,
1087 990 1265 1047 quam
1321 968 1486 1028 Scoti
1543 968 1617 1027 de
1669 968 1943 1028 Palladio
2005 968 2378 1028 audiverunt.
2471 969 2755 1028 Palladii

482 1066 684 1119 autem
729 1059 1023 1132 notitiam,
1071 1059 1122 1118 si
1166 1079 1374 1119 revera
1403 1057 1699 1116 Muirchui
1729 1058 1855 1118 vita
1902 1063 2152 1117 exeunte
2199 1059 2432 1118 saeculo
2479 1060 2758 1135 septimo

485 1149 823 1227 conscripta
870 1155 976 1223 est,
1026 1147 1209 1221 Scoti,
1257 1147 1396 1224 quia
1438 1146 1806 1205 Tirechanus
1853 1166 1973 1206 non
2014 1150 2141 1222 jam
2187 1148 2547 1207 mentionem
2595 1147 2757 1207 fecit

485 1239 559 1297 de
603 1237 902 1312 Palladio,
965 1259 1033 1297 eo
1088 1237 1217 1316 ipso
1276 1242 1529 1295 exeunte
1585 1237 1816 1295 saeculo
1873 1237 2125 1315 septimo
2186 1236 2436 1314 ideoque
2484 1258 2559 1295 ex
2605 1237 2753 1315 ipso

484 1328 799 1405 ProsperO,
847 1347 966 1386 non
1013 1348 1083 1386 ex
1116 1326 1302 1399 Beda,
1350 1323 1721 1404 acceperunt.
1812 1325 2028 1403 Itaque
2069 1325 2235 1384 Fieci
2280 1327 2564 1404 hymnum
2613 1347 2751 1384 sae·

485 1418 615 1476 culo
663 1420 873 1475 octavo
922 1415 1313 1494 compositum
1361 1435 1484 1474 esse
1547 1434 1752 1473 censeo
1807 1422 1945 1494 post
2000 1415 2368 1494 conscriptas
2416 1415 2750 1474 Tirechani

486 1505 902 1565 annotationes
957 1511 1019 1563 et
1081 1504 1379 1564 Muirchui
1441 1503 1645 1563 vitam.
1739 1505 1906 1578 Quae
1971 1504 2269 1563 sententia
2335 1504 2751 1581 compluribus

485 1594 820 1653 confirmari
877 1600 1103 1672 potest,
1168 1613 1319 1671 quae
1374 1594 1485 1652 hoc
1542 1613 1659 1651 uno
1718 1593 2321 1672 comprehenduntur,
2385 1594 2547 1671 quod
2603 1614 2745 1652 cum

484 1682 782 1743 Muirchui
829 1683 953 1744 vita
999 1683 1088 1743 ita
1135 1682 1411 1758 congruit
1454 1681 1623 1740 Fieci
1666 1682 1945 1759 hymnus,
2008 1688 2077 1741 ut
2131 1682 2238 1741 illa
2293 1684 2425 1761 ipsa
2472 1683 2602 1743 vita
2649 1683 2746 1741 ita

484 1793 624 1832 usus
681 1794 804 1832 esse
861 1773 1139 1832 videatur
1193 1771 1398 1848 hymni
1450 1778 1654 1849 poe'ta,
1726 1778 1797 1829 ut
1862 1792 2014 1849 quae
2080 1792 2153 1830 ex
2215 1772 2322 1830 illa
2386 1777 2745 1850 sumpserat,

486 1862 738 1921 aliorum
783 1862 1002 1920 fabulis
1049 1868 1312 1938 augeret.
1373 1860 1527 1921 Nam
1575 1880 1694 1918 non
1741 1862 1929 1919 solum
1975 1866 2228 1938 uterque
2268 1860 2527 1920 Palladii
2573 1882 2743 1919 men-

488 1952 710 2011 tionem
756 1950 901 2009 facit
947 1970 1139 2028 neque
1185 1955 1384 2009 tamen
1430 1950 1695 2008 fabulam
1742 1949 1814 2007 de
1846 1949 2185 2008 Coelestino
2215 1971 2374 2028 papa
2405 1951 2744 2009 Patricium

488 2040 764 2099 mittente
812 2045 1068 2112 enarrat,
1115 2045 1369 2115 uterque
1419 2040 1501 2096 60
1550 2058 1736 2097 annos
1766 2038 2095 2097 Patricium
2143 2039 2204 2096 in
2236 2039 2537 2098 Hibernia
2584 2057 2756 2098 com-·

488 2135 781 2188 moratum
830 2134 890 2187 et
927 2129 1049 2185 120
1099 2147 1284 2187 annos
1328 2133 1537 2187 natum
1584 2148 1616 2185 e
1659 2127 1788 2186 vita
1833 2129 2165 2206 profectum
2212 2148 2338 2187 esse
2383 2129 2584 2201 refert,
2633 2128 2744 2187 sed

488 2219 613 2277 fere
658 2218 855 2277 omnia
903 2238 1055 2295 quae
1103 2217 1380 2276 carminis
1409 2217 1681 2276 versibus
1730 2217 1988 2274 43-61
2043 2218 2424 2277 continentur
2469 2216 2741 2276 invenies

488 2309 647 2385 apud
693 2307 1068 2366 Muirchuum
1115 2306 1396 2383 (Betham
1426 2305 1514 2379 II,
1548 2326 1686 2383 app.
1717 2328 1775 2384 p.
1807 2304 1934 2366 XV
1964 2309 2079 2383 sq.)
2126 2327 2195 2365 ac
2242 2307 2481 2384 quidem
2528 2306 2739 2365 eodem

486 2398 609 2455 fere
667 2397 874 2455 ordine
934 2402 1200 2470 narrata,
1261 2396 1364 2454 sed
1418 2393 1778 2472 simpliciora
1835 2397 1930 2472 (cf.
1987 2395 2224 2473 inprim.
2271 2416 2420 2455 vers.
2472 2395 2736 2453 55-60

489 2506 621 2544 cum
666 2484 965 2554 Muirchui
1009 2505 1066 2561 p.
1112 2482 1316 2561 XVI).
1409 2484 1685 2561 Denique
1733 2504 1885 2561 quae
1932 2484 2005 2542 de
2052 2482 2350 2543 Germano
2406 2485 2470 2542 in
2526 2484 2738 2544 insulis

488 2574 670 2634 maris
734 2572 1032 2651 Tyrrheni
1094 2593 1213 2631 una
1281 2593 1413 2630 cum
1479 2572 1747 2633 Patricio
1822 2579 2221 2632 commorante
2289 2594 2470 2652 supra
2530 2596 2589 2652 p.
2648 2575 2729 2631 41

488 2664 730 2742 protuli,
776 2662 886 2721 hoc
932 2663 1061 2720 loco
1107 2662 1472 2739 neglegenda
1519 2682 1638 2720 non
1685 2667 1840 2720 sunt.

668 2754 835 2827 Quae
891 2771 1024 2809 cum
1076 2751 1165 2810 ita
1219 2751 1365 2824 sint,
1434 2750 1600 2809 Fieci
1653 2751 1907 2826 hymnus
1968 2752 2193 2810 nullum
2248 2752 2325 2810 ad
2389 2751 2732 2812 solvendam

490 2848 753 2901 nostram
801 2839 1207 2918 quaestionem
1254 2839 1461 2899 attulit
1506 2845 1884 2897 momentum.
1975 2839 2067 2900 At
2114 2839 2437 2900 Secundini
2480 2842 2731 2917 hymnus

490 2931 658 2990 adest
703 2930 957 2989 testibus
1003 2949 1122 2988 non
1169 2930 1309 2988 solis
1341 2928 1421 2987 H.
1455 2928 1571 2986 and
1603 2927 1689 2986 St.
1724 2928 1834 3005 (II,
1872 2930 1929 3002 2,
1962 2951 2019 3007 p.
2056 2930 2179 2987 327
2217 2932 2367 3007 not.)
2398 2930 2586 3008 ipsius
2616 2929 2729 2988 Pa-

490 3020 648 3079 tricii
694 3018 1062 3097 temporibus
1110 3018 1496 3096 conscriptus.
1590 3015 1711 3076 Sed
1755 3017 1962 3092 time0,
2025 3039 2100 3077 ne
2147 3039 2266 3077 non
2312 3019 2524 3094 majori
2569 3019 2728 3078 utili-

488 3109 603 3168 tati
649 3108 819 3167 nobis
865 3107 946 3167 sit
992 3127 1170 3184 quam
1215 3106 1382 3165 Fieci
1429 3125 1690 3179 carmen,
1751 3128 1890 3165 nam
1938 3107 2012 3165 de
2053 3112 2351 3185 tempore,
2379 3111 2385 3115 ”
2414 3128 2531 3185 quo
2579 3128 2730 3166 com·

487 3198 716 3275 positus
773 3202 950 3270 esset,
1024 3202 1187 3256 certo
1252 3197 1461 3255 falsam
1527 3196 1881 3256 sententiam
1937 3197 2208 3255 tulerunt
2262 3196 2381 3256 viri
2434 3197 2597 3256 docti
2649 3197 2729 3255 H.

487 3286 606 3345 and
638 3285 736 3344 St-
788 3285 1108 3345 Potissimo
1153 3286 1309 3344 enim
1339 3290 1594 3343 utuntur
1623 3292 1991 3360 argumentO,
2040 3286 2200 3363 quod
2244 3286 2309 3343 in
2354 3285 2467 3345 hoc
2511 3287 2730 3362 hymno

488 3376 572 3434 nil
618 3373 764 3434 insit
810 3375 882 3433 de
927 3375 1050 3432 ulla
1094 3373 1345 3433 Patricii
1391 3392 1522 3432 cum
1566 3373 1854 3433 Romanis
1901 3375 2349 3434 necessitudine.
2442 3372 2533 3434 At
2586 3375 2731 3433 haec

486 3465 618 3543 ipsa
662 3484 757 3524 res
800 3463 865 3522 in
912 3456 1344 3522 dubitationem
1390 3462 1593 3522 vocari
1636 3468 1849 3540 potest.
1926 3461 2029 3522 An
2078 3464 2235 3540 quod
2279 3468 2458 3541 poeta
2504 3461 2728 3535 „domi-

486 3561 649 3623 nus“‚
718 3552 941 3630 inquit,
1011 3548 1223 3623 „illam
1277 3549 1463 3633 eleyit,
1532 3560 1597 3611 ut
1650 3550 1878 3612 doceret
1932 3550 2217 3611 barbaras
2279 3551 2583 3612 nationes“
2637 3553 2726 3612 vel

487 3660 698 3723 „quem
742 3641 886 3702 deus
930 3639 1088 3700 misit
1126 3649 1194 3699 ut
1236 3638 1501 3700 Paulum
1546 3639 1630 3700 ad
1671 3649 1862 3719 yentes
1907 3637 2299 3719 Apostolum“
2345 3642 2449 3716 (H.
2482 3643 2600 3700 and
2641 3640 2728 3700 St.

486 3731 573 3803 II,
624 3732 661 3788 2
718 3753 776 3810 p.
828 3731 956 3789 324
1003 3737 1063 3789 et
1111 3729 1283 3805 325),
1347 3729 1729 3807 comprobare
1790 3736 1989 3806 potest
2048 3736 2287 3806 poetam
2347 3732 2419 3788 de
2480 3730 2729 3789 Patricii

488 3820 803 3879 itineribus
857 3840 965 3896 per
1012 3817 1271 3877 Galliam
1327 3824 1506 3896 atque
1562 3818 1804 3876 Italiam
1851 3825 1960 3878 etc.
2017 3818 2166 3878 nihil
2211 3820 2550 3880 audivisse?
2619 3820 2727 3878 Mi-

489 3909 661 3968 nime.
751 3910 906 3970 Nam
961 3908 1047 3966 nil
1101 3907 1340 3967 omnino
1394 3907 1553 3967 inest
1598 3907 1660 3965 in
1706 3907 1817 3966 hoc
1863 3908 2121 3967 carmine
2167 3909 2240 3967 de
2286 3909 2414 3968 vita
2460 3908 2727 3981 Patricii,

489 3999 739 4075 hymnus
785 4003 876 4057 est
919 3997 1122 4056 laudes
1170 3997 1495 4069 continens,
1543 4015 1662 4053 non
1709 4005 1949 4056 enarrat
1993 3998 2197 4057 vitam.
2259 3997 2487 4073 Hymni
2532 4004 2729 4057 autem

489 4092 702 4145 natura
748 4089 881 4158 fert,
928 4092 998 4146 ut
1043 4086 1116 4143 de
1161 4085 1498 4145 hominibus
1547 4104 1724 4162 quam
1771 4086 2010 4144 minime
2057 4087 2290 4145 dicatur
2337 4091 2397 4144 et
2442 4087 2588 4145 deus
2632 4087 2728 4145 vel

490 4175 682 4235 sancti
751 4175 1120 4235 sufficiantur
1187 4175 1251 4232 in
1313 4194 1513 4232 eorum
1574 4175 1784 4232 locum.
1877 4175 2038 4248 Quin
2105 4175 2284 4234 etiam
2343 4176 2553 4252 negari
2610 4195 2729 4234 non

487 4270 704 4343 potest,
752 4265 897 4324 alios
945 4263 1222 4323 carminis
1270 4283 1473 4324 versus
1519 4263 1613 4321 his
1658 4264 1856 4322 verbis
1902 4264 2178 4342 scriptos:
