3025 4909
1140 208 1577 266 -85-

211 392 447 457 norat,
494 385 747 463 denique
790 385 1052 460 Tudam,
1115 386 1218 463 qui
1261 394 1476 447 tenente
1521 382 1714 445 adhuc
1747 384 2153 469 pontifioamm
2202 382 2484 446 Colmano

212 474 306 533 in
370 474 946 551 Nordanhymbriam
1017 481 1264 535 venerat
1321 482 1383 534 et
1438 476 1681 534 summis
1739 476 1899 552 apud
1956 474 2484 551 Nordanhymbros

214 563 574 623 honoribus
617 564 976 638 habebatur,
1037 583 1376 641 quanquam
1430 563 1598 644 apud
1652 561 1857 624 Scotos
1911 561 2200 623 austrinos
2251 563 2313 623 in
2368 561 2481 624 Hi-

218 650 450 712 bernia
492 651 752 712 emditus
791 649 971 733 justa
1013 671 1237 712 morem
1290 650 1448 713 illim
1487 650 1831 733 provinciae
1886 661 2186 712 tonsuram
2239 671 2487 714 coronae

220 738 492 800 habehat
531 749 582 801 et
611 737 954 800 catholicam
997 740 1272 821 temporis
1300 738 1605 822 paschalis
1633 738 1899 822 reyulam
1927 736 2262 800 observabat
2293 741 2487 818 (Beda

68 813 75 818 '
164 891 167 892 a
220 831 303 889 h.
338 851 386 888 e.
421 831 481 907 3,
516 832 618 903 26,
649 831 686 907 g
718 831 889 907 237).

430 919 598 993 Quae
641 939 774 977 cum
820 920 908 978 ita
953 925 1172 993 essent,
1231 918 1360 978 fieri
1404 940 1522 978 non
1579 919 1803 997 potuit,
1852 919 1996 995 quin
2053 918 2309 1000 quaestio
2352 916 2483 1000 fre·

228 1026 425 1089 quens
482 1016 534 1067 et
589 1026 810 1089 mayna
867 1007 942 1068 de
1010 1006 1397 1068 observatione
1454 1006 1717 1088 paschae
1781 1006 2034 1067 oriretur
2103 1007 2262 1067 inter
2323 1009 2487 1086 ipsos

233 1097 459 1156 Scotos
503 1103 566 1155 et
612 1116 727 1169 eos,
773 1095 876 1178 qui
918 1096 992 1157 de
1039 1091 1247 1159 Gauda
1292 1093 1382 1155 vel
1423 1096 1498 1157 de
1548 1092 1747 1158 Gallia
1790 1095 2145 1156 advenerant
2189 1096 2382 1173 (Beda
2428 1097 2487 1155 h.

237 1208 301 1245 e.
351 1186 408 1259 3,
456 1185 560 1258 25,
608 1186 644 1263 ξ
695 1187 868 1262 226).
958 1183 1082 1246 Sed
1138 1182 1279 1245 haec
1337 1184 1698 1246 dissonantia
1743 1182 2037 1265 paschalis
2096 1183 2488 1245 observantiae

234 1272 464 1334 vivente
522 1270 773 1334 Aedano
823 1273 1115 1356 patienter
1169 1273 1247 1333 ab
1303 1272 1569 1335 omnibus
1626 1271 1981 1334 tolerabatur
2039 1275 2121 1352 (h.
2168 1296 2215 1333 e.
2267 1275 2332 1347 3,
2383 1274 2485 1347 25,

242 1365 289 1441 ἓ
341 1364 514 1440 226),
561 1363 828 1423 Finanus
887 1369 1111 1436 autem,
1158 1362 1398 1422 Aedani
1451 1383 1749 1423 successor
1794 1363 2216 1440 (651—661),
2266 1363 2487 1442 quippe

244 1453 358 1529 qui
403 1453 577 1510 homo
625 1459 780 1511 esset
823 1452 1124 1512 ferocioris
1156 1452 1354 1525 animi,
1400 1459 1674 1529 apertum
1720 1452 2134 1512 observantiae
2179 1452 2487 1512 Romanae

244 1541 653 1601 adversarium
700 1561 762 1600 se
806 1541 1104 1619 praebuit,
1150 1548 1213 1600 et
1272 1562 1404 1599 cum
1459 1542 1736 1601 defuncto
1784 1540 2016 1601 Finano
2059 1540 2379 1600 Colmanus
2423 1541 2487 1599 in

247 1630 659 1709 episcopatum
704 1631 1096 1704 successisset,
1142 1630 1319 1689 etiam
1365 1630 1610 1707 gravior
1652 1633 1813 1690 facta
1859 1637 1951 1689 est
1995 1630 2418 1689 controversia.

431 1719 594 1793 Quid
650 1719 832 1777 tunc?
907 1719 1332 1778 Intermissane
1392 1726 1483 1778 est
1543 1720 1907 1779 consuetudo
1970 1739 2101 1778 cum
2157 1718 2488 1778 Romanis?

252 1807 503 1867 Suntne*
532 1813 700 1867 ortae
745 1808 1090 1867 inimicitiae
1122 1807 1289 1867 sicut'
1321 1808 1480 1868 inter
1508 1808 1789 1867 Britones
1822 1816 1882 1867 et
1911 1807 2253 1873 Romanos?
2297 1807 2488 1865 Immo

249 1896 463 1956 habita
506 1903 597 1956 est
641 1896 899 1974 synodus
942 1897 1005 1955 in
1052 1896 1410 1957 monasterio
1443 1896 2025 1957 Strenaeshalchensi
2070 1903 2311 1956 auctore
2357 1896 2489 1974 ipso

252 2005 395 2063 rege
442 1984 665 2045 Osviuo
698 2020 779 2031 -
830 1991 891 2043 et
935 1986 1263 2063 composita
1307 1993 1399 2045 est
1444 1986 1863 2046 controversia.
1924 1986 2136 2046 Nonne
2180 1986 2326 2044 haec
2357 1985 2489 2064 ipsa

172 2109 176 2112 Δ
253 2095 349 2133 res
392 2073 852 2134 luculentissime
899 2075 1246 2152 comprobat
1289 2074 1400 2134 nisi
1449 2076 1773 2135 levioribus
1834 2074 2098 2134 diversas
2144 2095 2263 2133 non
2309 2074 2490 2133 fuisse

256 2163 530 2223 ecclesias
586 2163 900 2223 Scotorum
957 2170 1018 2223 et
1062 2163 1506 2223 Romanorum?
1553 2163 1728 2222 Adeo
1774 2163 2013 2223 levioris
2068 2164 2351 2222 momenti
2396 2164 2487 2221 fu·

255 2259 434 2312 erunt
477 2249 631 2313 aliae
675 2253 814 2311 illae
858 2248 1264 2314 ecclesiasticae
1309 2251 1456 2311 vitae
1485 2248 1849 2332 disciplinae,
1896 2253 1970 2310 de
2004 2252 2221 2328 quibus
2251 2248 2511 2329 praeter'

252 2342 727 2401 observationem
789 2342 1123 2420 paschalem
1183 2342 1586 2401 controversia
1646 2347 1777 2400 orta
1838 2348 1968 2400 erat
2028 2340 2110 2417 (h.
2158 2360 2206 2399 e.
2268 2341 2306 2398 3
2323 2384 2337 2413 ,
2387 2341 2489 2413 25,

253 2432 290 2509 ξ
339 2430 514 2506 227),
558 2435 629 2487 ut
672 2430 841 2490 Beda
885 2432 1074 2489 solum
1119 2431 1183 2488 id
1226 2430 1544 2489 memoriae
1587 2431 1889 2508 proderet,
1954 2430 2114 2508 quod
2169 2430 2242 2488 de
2288 2431 2488 2488 obser·

254 2518 461 2579 vantia
517 2519 785 2596 paschali
843 2525 1041 2579 actum
1104 2524 1198 2578 est
1261 2519 1324 2577 in
1386 2519 1630 2595 synodo.
1719 2519 1929 2596 Neque
1988 2526 2190 2578 tamen
2251 2518 2492 2577 omnino

252 2608 613 2687 ignoramus,
678 2627 830 2685 quae
888 2609 1114 2668 fuerint
1157 2607 1307 2667 aliae
1352 2608 1490 2667 illae
1538 2608 1972 2667 controversiae
2017 2627 2244 2667 causae.
2334 2606 2490 2666 Nam

256 2696 436 2755 etiam
482 2694 558 2752 de
617 2700 862 2754 tonsura
921 2717 1039 2756 non
1102 2697 1405 2756 minimam
1467 2696 1871 2773 quaestionem
1924 2696 2105 2755 fuisse
2148 2695 2317 2753 Beda
2362 2695 2494 2774 ipse

255 2790 349 2844 est
394 2782 565 2843 testis
612 2783 694 2858 (h.
739 2804 790 2841 e.
839 2785 896 2857 3,
945 2787 1047 2856 26,
1095 2787 1130 2862 ἓ
1167 2787 1339 2862 236).
1409 2785 1731 2844 Praeterea
1788 2805 1939 2863 quae
1993 2785 2217 2844 fuerint
2262 2804 2489 2857 causae,

253 2875 616 2953 ignoramus.
691 2870 1124 2950 Suspicandum
1169 2882 1367 2935 autem
1413 2881 1505 2933 est
1549 2875 1624 2932 de
1669 2875 1887 2933 ritibus
1930 2873 2370 2948 ecclesiasticis,
2416 2874 2493 2932 de

254 2961 698 3022 consecratione
758 2962 1128 3022 sacerdotum
1176 2964 1322 3038 (vid.
1379 2982 1560 3040 supra
1614 2985 1673 3042 p.
1722 2965 1850 3039 76),
1912 2964 1987 3022 de
2046 2964 2279 3022 ratione
2342 2964 2490 3021 cele·

254 3051 520 3111 brandae
567 3050 957 3111 eucharistiae
987 3051 1132 3128 (vid.
1179 3051 1337 3110 infra
1382 3052 1542 3129 apud
1571 3051 1698 3111 Ool.
1729 3052 1908 3129 Lux.)
1955 3058 2015 3111 et
2059 3052 2134 3111 de
2174 3052 2304 3110 aliis
2336 3054 2490 3127 ejus·

256 3139 418 3199 modi
478 3159 605 3199 esse
669 3139 1066 3218 disputatum,
1127 3140 1201 3197 de
1258 3140 1475 3216 quibus
1537 3140 1826 3199 sciscitari
1872 3149 2078 3201 nostra
2123 3160 2242 3199 non
2287 3141 2491 3211 refert,

256 3229 397 3305 quia
439 3228 570 3306 ipse
615 3228 829 3305 synodi
873 3234 1121 3288 eventus
1166 3229 1536 3288 demonstrat
1591 3229 1818 3288 leviora
1873 3229 2056 3288 fuisse
2118 3229 2221 3287 illa
2274 3227 2493 3287 omnia.

434 3316 756 3377 Colmanus
802 3318 1039 3394 quidem
1082 3338 1288 3395 pacem
1335 3325 1398 3378 et
1441 3317 1815 3378 concordiam
1876 3338 2008 3376 cum
2053 3316 2342 3377 Romanis
2401 3337 2494 3376 re-

254 3406 420 3485 spuit
450 3412 513 3465 et
541 3405 740 3466 iridem
783 3413 1043 3485 spretam
1070 3426 1241 3465 suam
1270 3404 1600 3467 doctrinam
1637 3414 1957 3487 sectamque
2000 3424 2118 3468 esse
2161 3405 2493 3486 despectam

252 3493 571 3575 assumptis
615 3491 733 3567 Ins,
780 3495 973 3572 iisque
1015 3496 1239 3574 paucis,
1285 3494 1388 3577 qui
1427 3514 1563 3556 eam
1591 3494 1755 3577 sequi
1779 3493 2095 3566 voluerunt,
2138 3494 2202 3554 in
2231 3491 2492 3554 Scotiam

251 3602 549 3665 reyressus
591 3592 674 3643 est
717 3584 913 3661 (Beda
957 3584 1015 3642 h.
1061 3605 1110 3642 e.
1159 3586 1217 3657 3,
1252 3585 1353 3658 26,
1403 3585 1649 3662 ξ236),
1695 3585 1801 3643 sed
1844 3585 1973 3662 ipse
2019 3604 2124 3643 rex
2170 3590 2258 3655 et,
2306 3583 2409 3659 qui
2455 3603 2491 3641 a

254 3673 543 3732 Colmano
591 3678 882 3731 steterant
925 3673 989 3731 in
1021 3673 1262 3750 synod0,
1296 3672 1460 3733 Gedd
1506 3674 1817 3752 episcopus
1865 3680 1926 3732 et
1955 3672 2143 3731 Hilda
2190 3673 2492 3732 abbatissa

256 3761 566 3821 Scotorum
631 3761 880 3838 vestigia
939 3761 1310 3841 reliquerunt
1363 3763 1445 3840 (h.
1492 3782 1543 3821 e.
1597 3763 1652 3835 3,
1702 3760 1804 3835 26,
1852 3763 1888 3840 ξ
1936 3762 2091 3838 236)
2148 3768 2209 3820 et
2267 3762 2493 3838 ubique

255 3851 323 3909 in
365 3850 685 3910 Britannia
729 3871 931 3910 omnes
960 3850 1153 3929 Angli
1197 3851 1365 3911 brevi
1408 3857 1676 3928 tempore
1722 3852 1798 3909 ad
1838 3849 2244 3909 Romanorum
2292 3850 2490 3909 amici·

257 3939 406 4019 tiam
451 3959 512 3999 se
557 3940 937 3999 contulerunt
982 3945 1044 3998 et
1088 3940 1206 4019 ipsi
1238 3939 1419 4008 Scoti,
1468 3939 1572 4016 qui
1615 3941 1779 3998 inter
1806 3937 2042 4016 Anglos
2085 3940 2490 4009 morabantur,

255 4036 361 4088 aut
420 4047 629 4087 manus
687 4027 972 4089 dederunt
1026 4025 1318 4089 Romanis
1372 4036 1474 4087 aut
1532 4047 1703 4088 suam
1759 4026 2055 4088 redieram
2106 4028 2191 4089 ad
2221 4026 2493 4107 patriam

254 4117 339 4194 (h.
387 4137 438 4191 e,
488 4115 545 4190 3,
594 4116 695 4191 28,
741 4118 778 4196 ἓ
826 4117 998 4193 244).
1089 4118 1223 4192 Quo
1266 4118 1489 4177 factum
1536 4109 1652 4191 est,
1711 4123 1781 4176 ut
1828 4125 2085 4195 quatuor
2139 4117 2308 4175 annis
2354 4120 2493 4193 post

257 4207 548 4284 synodum
594 4205 1249 4266 Strenaeshalchensem
1296 4205 1663 4281 Theodorus,
1709 4207 2183 4284 archiepiscopus
2228 4205 2488 4266 Cantus·

257 4297 448 4356 rensis
464 4340 479 4370 ,
525 4295 719 4355 Roma
761 4294 974 4355 missus
1029 4297 1212 4373 (668)
1256 4301 1485 4356 tantam
1545 4296 1717 4355 brevi
1774 4302 2039 4374 tempore
2098 4295 2161 4354 in
2221 4295 2494 4354 omnibus
