3025 4909
24 3472 79 3660 *s

1145 212 1630 268 -117—

246 373 449 448 fuisse
508 387 850 447 Eckhartus
913 387 1142 445 censuit
1196 387 1476 463 (Francia
1539 387 1846 446 orientalis
1893 386 1953 459 I,
2013 397 2071 464 p.
2120 388 2294 464 270),
2350 392 2511 447 16616

249 479 392 539 vita
438 476 775 535 Andomari
825 478 881 548 7,
927 476 1084 536 Mab.
1130 475 1233 548 H,
1280 495 1416 536 ann.
1465 478 1613 549 667,
1657 497 1719 553 p.
1767 476 1894 533 562
1940 496 2065 533 non
2107 476 2169 534 in
2214 476 2508 536 Hibernia

253 566 371 627 sed
419 566 482 624 in
542 564 784 642 regione
840 564 1289 624 Constantiensi
1342 572 1521 624 natus
1577 572 1722 625 erat.
1813 564 2195 640 Arbogastus
2253 564 2511 641 denique

257 664 327 715 et
382 653 752 726 Florentius,
806 653 1354 730 Argentoratenses
1407 654 1670 732 episcopi
1716 653 2080 729 (Harttung,
2141 675 2199 731 p.
2248 656 2330 711 26
2346 698 2360 726 ,
2406 653 2509 712 sed

257 742 406 804 vide
446 742 598 801 illud
642 739 919 802 vielleicloe
966 764 1024 820 p.
1061 742 1170 818 32)
1218 742 1333 800 nisi
1378 744 1538 819 apud
1591 742 1937 820 posterioris
1990 742 2274 818 temporis
2326 741 2509 820 scrip-

256 840 428 893 tores
473 830 618 907 (vid.
664 830 963 907 Rettberg
1006 830 1092 906 II,
1139 852 1198 909 p.
1248 831 1330 888 63
1379 834 1534 908 sqq.)
1581 829 1747 889 Scoti
1803 849 1922 890 non
1978 831 2387 902 nominantur,
2448 837 2510 889 et

260 941 418 998 quae
479 920 562 979 sit
620 919 1020 997 posteriorum
1081 919 1152 978 'in
1218 919 1330 979 hac
1391 940 1457 978 re
1519 920 1846 979 auctoritas
1907 925 2157 996 apparet
2218 940 2290 977 ex
2353 919 2511 978 vitae

262 1008 691 1086 Chrodegangi
736 1010 909 1083 (saec.
955 1007 1075 1067 IX.
1121 1008 1421 1085 Rettberg
1466 1007 1518 1081 I,
1565 1029 1624 1085 p.
1673 1008 1829 1084 493)
1874 1007 2060 1065 hisce:
2108 1003 2508 1088 Bonffatium,

261 1096 368 1179 qui
408 1105 461 1156 et
518 1092 853 1177 Winfridue
898 1095 1106 1168 dictim,
1153 1115 1225 1157 ex
1255 1087 1548 1156 Hibernia
1591 1095 1904 1156 venientem
1934 1096 2247 1171 (Eckhart‘,
2294 1095 2508 1155 Franc.

264 1188 477 1245 orient.
509 1185 564 1258 Ι,
609 1206 668 1263 p.
706 1183 877 1262 920).
938 1184 1060 1244 Sed
1104 1185 1256 1244 hanc
1302 1205 1428 1244 rem
1475 1186 1520 1243 ii
1565 1185 1910 1261 dijudicent,
1959 1185 2064 1259 qui
2109 1185 2323 1258 omnia,
2358 1204 2508 1261 quae

262 1280 523 1348 exstant,
569 1274 935 1332 saeculorum
968 1272 1079 1348 VI,
1110 1273 1258 1347 VII,
1303 1273 1470 1334 VIII
1511 1274 1855 1333 testimonia
1898 1273 2169 1332 funditus
2208 1273 2510 1345 noverint;

264 1369 449 1435 certo,
495 1363 547 1421 61
594 1362 698 1439 qui
743 1364 987 1421 fuerunt
1032 1362 1294 1441 episcopi
1350 1362 1721 1440 parochiales
1767 1363 1841 1421 de
1896 1362 2135 1421 natione
2180 1361 2510 1433 Scotorum,

261 1451 549 1530 perpauci
594 1452 853 1510 fuerunt.

445 1539 652 1617 Neque
712 1559 991 1617 magnum
1053 1539 1233 1598 fuisse
1300 1540 1512 1617 opinor
1581 1559 1891 1598 numerum
1952 1560 2183 1612 eorum,
2255 1540 2357 1615 qui
2417 1538 2512 1598 vel

264 1629 554 1688 abbatum
600 1649 846 1687 munera
890 1629 1212 1688 subeuntes
1257 1630 1352 1688 vel
1407 1628 1827 1687 monachorum
1873 1628 2120 1704 collegio
2167 1628 2515 1687 accedentes

262 1718 330 1775 in
375 1717 751 1776 monasteriis
814 1717 1126 1777 stabiles
1187 1717 1355 1776 sedes
1407 1716 1526 1775 sibi
1572 1717 1936 1794 delegerunt.
2029 1715 2149 1775 Sed
2193 1717 2289 1775 vel
2334 1716 2513 1793 pauci

267 1806 700 1866 ecclesiasticae
730 1805 1081 1883 disciplinae
1108 1806 1373 1883 periculo
1404 1812 1594 1877 erant,
1639 1805 1998 1883 simulatque
2043 1805 2365 1882 episcopali
2405 1823 2511 1863 sua

267 1895 569 1972 dignitate
599 1900 840 1972 praeter
863 1897 963 1970 jus
992 1895 1336 1952 utebantur.
1390 1894 1526 1954 Non
1558 1895 1798 1953 omnino
1831 1896 1986 1953 enim
2016 1894 2511 1970 impediebantur,

270 1982 584 2061 quominus
629 1983 973 2041 muneribus
1021 1982 1455 2061 episcopalibus
1500 1984 1912 2060 fungerentur.
2002 1983 2156 2043 Nam
2216 1988 2286 2041 ut
2330 2002 2511 2059 supra

261 2075 389 2147 jam
453 2071 1038 2130 commemoravimus
1084 2073 1168 2148 (p.
1222 2071 1331 2148 65)
1389 2072 1691 2130 nonnullis
1751 2071 1813 2129 in
1876 2070 2076 2130 Gallia
2136 2069 2513 2130 monasteriis

267 2180 590 2237 eorumque
650 2160 1052 2237 compluribus
1110 2181 1149 2218 a
1206 2159 1403 2219 Scotis
1464 2160 1808 2219 constitutis
1865 2160 1942 2219 ab
2010 2159 2158 2237 ipsis
2217 2159 2512 2237 episcopis

265 2247 707 2326 parochialibus
767 2247 1096 2326 privilegiis
1156 2249 1507 2325 permissum
1568 2255 1724 2323 erat,
1791 2254 1863 2306 u‘t
1919 2248 2107 2325 ipsius
2166 2247 2512 2307 monasterii

273 2337 539 2414 episcopi
583 2336 915 2397 ministeria
961 2336 1346 2416 episcopalia,
1403 2358 1556 2413 quae
1616 2338 1679 2396 in
1706 2336 2083 2396 'monasterio
2129 2355 2276 2414 opus
2323 2341 2512 2408 erant,

266 2424 773 2485 administrarent.
834 2425 971 2485 Hoc
1015 2445 1258 2484 munere
1306 2426 1719 2503 episcoporum
1762 2425 2295 2497 monasterialium,
2343 2427 2512 2499 cujus

269 2513 437 2590 origo
483 2520 688 2574 utrum
733 2535 770 2573 a
816 2513 1015 2574 Scotis
1058 2535 1135 2572 an
1181 2535 1217 2573 a
1263 2512 1457 2574 Gallis
1517 2514 1842 2592 repetenda
1902 2515 2009 2587 611,
2070 2513 2263 2572 adhuc
2317 2513 2512 2586 hodie,

265 2611 337 2661 ut
382 2601 639 2663 diximus
683 2606 892 2682 (supra
936 2624 995 2680 p.
1046 2605 1174 2680 67),
1221 2623 1341 2662 non
1388 2604 1535 2663 66116
1580 2604 1953 2682 exploratum
1999 2609 2107 2675 est,
2154 2610 2318 2662 certo
2364 2608 2509 2661 tem·

264 2691 514 2770 poribus
579 2692 799 2749 saeculi
847 2690 976 2751 VII
1030 2698 1092 2751 et
1135 2690 1304 2752 VIII
1365 2699 1428 2752 et
1471 2691 1573 2750 IX
1636 2693 1874 2770 saepius
1932 2693 1995 2750 in
2057 2690 2257 2750 Gallia
2322 2690 2514 2749 functi

266 2785 407 2840 sunt
452 2777 620 2839 Scoti
665 2779 1117 2857 peregrinantes
1164 2781 1261 2855 (cf.
1308 2780 1585 2856 Loening
1629 2779 1717 2852 II,
1763 2802 1821 2859 p.
1871 2780 1999 2839 445
2047 2788 2171 2840 not.
2221 2780 2277 2849 4,
2323 2778 2510 2838 Hart-

266 2876 435 2945 tung,
480 2889 538 2945 p.
588 2868 896 2944 32--47).
970 2866 1146 2927 Tales
1190 2868 1498 2947 episcopos
1544 2868 1783 2927 omnino
1829 2869 2023 2927 bonae
2066 2868 2349 2928 ecclesiae
2394 2866 2511 2926 dis·

267 2956 526 3036 ciplinae
571 2957 932 3017 detrimento
977 2977 1097 3016 non
1146 2976 1273 3015 esse
1333 2975 1452 3015 non
1514 2957 1806 3035 potuisse,
1857 2958 2227 3035 Harttungio
2275 2959 2358 3034 (p.
2407 2956 2512 3029 34,

266 3046 339 3103 cf.
388 3065 568 3123 supra
618 3046 726 3121 65)
783 3066 904 3104 non
960 3045 1304 3116 concedam,
1365 3045 1470 3103 sed
1531 3065 1648 3121 quo
1706 3046 1901 3105 minus
1964 3047 2328 3124 compositus
2383 3050 2513 3103 erat

268 3139 408 3192 ante
453 3132 827 3193 Bonifatium
874 3134 1154 3193 ecclesiae
1202 3131 1515 3194 Gallorum
1570 3140 1764 3193 status
1779 3177 1794 3207 ,
1856 3153 1923 3191 eo
1983 3134 2173 3210 magis
2220 3132 2514 3210 episcopis

265 3222 385 3281 illis
432 3220 880 3297 subjiciebatur,
923 3227 995 3282 ut
1040 3222 1371 3301 privilegiis
1417 3222 1543 3281 illis
1584 3224 1898 3281 abutentes
1942 3221 2125 3281 6116111
2171 3227 2341 3281 extra
2386 3240 2508 3278 mo-

207 3364 212 3369 .
264 3310 528 3370 nasteria
549 3310 906 3369 ·11111116161·16
950 3310 1334 3389 episcopalia·
1360 3310 1737 3384 exhiberent,
1784 3311 1945 3388 quod
1988 3331 2110 3369 non
2155 3311 2281 3370 sine
2328 3309 2508 3368 detri-

263 3404 464 3459 mento
510 3399 944 3459 ecclesiasticae
989 3400 1340 3478 disciplinae
1394 3399 1528 3457 fieri
1586 3399 1852 3477 potuisse
1912 3400 2119 3479 liquet.
2212 3398 2332 3459 Sed
2358 3419 2511 3457 .cum

263 3487 423 3546 baud
468 3487 649 3547 dubie
694 3487 873 3565 pauci
919 3497 1118 3547 essent
1164 3496 1227 3547 et
1272 3488 1452 3547 certis
1507 3488 1749 3547 sedibus
1809 3489 2158 3547 habitarent
2218 3487 2281 3546 in
2328 3487 2512 3544 oculis

257 3593 395 3635 611111
437 3576 703 3635 omnium
747 3576 1052 3635 hominnm
1099 3583 1227 3635 tum
1274 3576 1539 3653 ipsorum
1584 3577 2028 3655 episcoporum,
2086 3580 2247 3635 certo
2296 3576 2510 3635 tolera·

262 3664 411 3724 biles
457 3670 645 3724 erant.

438 3752 735 3813 Permulti
792 3758 993 3812 autem
1051 3753 1096 3811 ii
1153 3753 1415 3831 episcopi
1472 3761 1535 3813 et
1579 3755 1917 3831 presbyteri
1963 3753 2036 3812 de
2081 3753 2324 3812 natione
2372 3751 2510 3812 Sco-

261 3847 478 3914 torum,
526 3842 630 3920 qui
674 3862 838 3901 more
883 3842 1393 3919 peregrinantium
1437 3848 1634 3901 terras
1679 3849 2070 3920 peragrantes
2096 3842 2275 3901 modo
2306 3842 2372 3899 in
2401 3842 2513 3899 hoc

261 3929 435 3989 modo
479 3929 546 3988 in
589 3931 693 3990 illo
738 3931 1100 3990 monasterio
1129 3931 1557 4010 ·versabantur,
1602 3930 1666 3989 in
1710 3950 1993 4008 magnum
2039 3931 2364 4008 periculum
2409 3929 2510 3988 ad-

261 4019 559 4078 ducebant
612 4018 1067 4080 ecclesiasticam
1115 4017 1508 4097 disciplinam.
1606 4019 1963 4095 Quanquam
2008 4020 2166 4078 enim
2213 4017 2514 4078 nonnullis

262 4106 634 4166 monasteriis
680 4107 899 4168 licebat
942 4107 1019 4166 ad
1050 4107 1523 4166 administranda
1553 4107 1887 4167 ministeria
1919 4108 2280 4186 episcopalia
2311 4127 2513 4183 quem-

262 4196 412 4256 libet
442 4195 634 4255 accire
665 4196 1010 4276 episcopum
1034 4196 1131 4271 (cf.
1155 4195 1471 4275 Harttung
1500 4218 1559 4275 p.
1587 4197 1688 4254 29.
1734 4196 2011 4274 Loening
2034 4195 2122 4267 H,
2145 4217 2205 4274 p.
2228 4196 2356 4256 383
2377 4199 2514 4272 sq.),

262 4291 462 4345 tamen
477 4328 496 4360 ,
564 4284 797 4346 etiamsi
859 4284 1215 4366 peragendis
1282 4284 1622 4359 hujusmodi
1684 4285 2028 4345 ministeriis
2092 4284 2182 4343 illi
2247 4283 2514 4345 contenti
