3025 4909
39 3605 75 3726 *r

1100 211 1535 269 —51-

114 391 428 463 baram,
503 409 655 466 quae
714 391 1007 450 Hibernia
1076 412 1192 450 non
1258 412 1381 451 esse
1452 413 1571 451 non
1641 397 1857 471 potest.
1946 392 2112 492 Ergo
2173 400 2233 452 et
2292 393 2436 453 h'aec

120 480 395 557 opinio
450 481 771 556 rejicienda
817 486 921 539 est.

365 567 544 642 Quid
603 570 830 630 restat?
902 569 1170 628 Tertium
1233 577 1345 643 est,
1408 576 1476 628 ut
1537 576 1813 648 putemus
1874 577 1934 630 et
1978 571 2316 630 Palladium
2376 578 2437 631 et

124 657 531 716 Patricium
578 660 640 716 in
671 659 965 717 Hibernia
995 659 1240 718 verbum
1278 660 1374 716 dei
1419 660 1803 736 praedicasse.
1880 660 1970 719 At
2012 661 2169 719 unde
2215 662 2436 721 factum

133 754 286 819 est,
365 754 449 805 ut
511 749 697 807 omnis
756 747 1016 807 Palladii
1074 734 1355 806 memoria
1408 749 1569 828 apud
1623 748 1832 808 Scotos
1888 751 2302 809 evanesceret?
2370 756 2438 809 ut

135 835 503 895 Patricius
533 836 789 895 Palladii
822 838 1180 895 mentionem
1226 858 1344 896 11011
1391 838 1652 897 faceret?
1700 838 1817 898 Sed
1862 839 1972 897 hoc
2018 841 2272 899 alterum
2319 855 2438 898 11011

139 946 498 1002 premam,
561 927 703 1002 quia
760 927 1058 985 Patricius
1115 927 1350 985 omnino
1405 928 1707 985 hominum
1760 930 2000 987 nomina
2045 949 2163 988 non
2208 930 2438 1008 profert

149 1015 328 1090 (vid.
370 1033 539 1092 supr.
571 1037 630 1092 p.
666 1016 800 1093 48).
891 1016 1197 1089 Quomodo
1245 1036 1385 1076 vero
1432 1018 1651 1075 factum
1701 1022 1812 1091 est,
1875 1023 1944 1076 ut
1988 1018 2319 1097 Prosperus
2365 1019 2437 1076 de

152 1104 470 1162 Patricio
517 1106 600 1162 nil
650 1104 926 1163 audiret?
973 1103 1039 1162 Si
1084 1106 1144 1163 in
1177 1105 1359 1164 Italia
1404 1106 1522 1164 fuit
1552 1103 1865 1179 Patricius,
1912 1110 2178 1184 profecto
2226 1109 2439 1166 mirum

156 1200 288 1267 est,
348 1194 521 1269 quod
565 1194 896 1270 Prosperus
943 1195 1014 1252 de
1063 1215 1131 1252 60
1177 1196 1362 1253 verba
1410 1215 1528 1253 non
1574 1196 1730 1254 fecit.
1821 1195 1908 1254 Iis
1954 1205 2176 1270 autem,
2223 1199 2439 1274 quibus

157 1284 344 1341 forte
398 1283 467 1344 in
512 1284 810 1359 prioribus
866 1283 1122 1341 nondum
1176 1286 1595 1362 persuaserim,
1657 1284 1921 1344 Patricio
1979 1307 2109 1345 cum
2155 1287 2440 1346 Romanis

162 1373 463 1448 aliquam
520 1372 1005 1433 consuetudinem
1065 1374 1268 1446 fuisse,
1315 1374 1586 1433 ultimam
1646 1391 1715 1432 ac
1779 1394 2110 1452 supremam
2173 1393 2439 1454 propono

169 1461 637 1538 quaestionem,
685 1462 975 1537 quomodo
1022 1463 1245 1520 factum
1291 1463 1394 1536 sit,
1441 1469 1511 1521 ut
1558 1462 1749 1537 Beda,
1812 1465 1906 1521 cui
1951 1466 2138 1524 multa
2184 1466 2256 1523 de
2302 1465 2440 1524 Sco-

170 1557 397 1609 torum
449 1551 694 1609 ecclesia
741 1557 881 1609 nota
928 1558 1123 1624 erant,
1186 1552 1288 1629 qui
1343 1551 1458 1611 alia
1513 1553 1739 1611 leviora
1801 1553 2070 1612 audierat
2116 1555 2192 1613 ab
2240 1556 2441 1612 amicis

172 1640 483 1717 Egberti,
551 1641 655 1716 qui
714 1638 929 1699 diutim
980 1639 1043 1699 in
1088 1637 1379 1701 Hibemz'a
1432 1660 1548 1723 pro
1595 1638 1827 1701 Christo
1882 1640 2216 1703 emlaverat
2261 1643 2343 1719 (h.
2392 1666 2439 1702 e.

181 1731 246 1802 3,
297 1730 360 1787 4.
412 1730 448 1806 ἓ
498 1731 653 1802 161;
702 1730 759 1801 5,
804 1732 859 1786 9.
906 1732 941 1807 ξ
985 1732 1109 1788 376
1153 1733 1307 1807 sqq.)
1363 1732 1436 1788 de
1491 1731 1755 1791 Patricio
1816 1732 1901 1789 nil
1961 1733 2196 1791 dixerit.
2285 1735 2442 1794 Num

184 1818 488 1876 credibile
547 1824 636 1878 est
695 1818 939 1892 Bedam,
1002 1819 1448 1896 investigandae
1504 1821 1882 1897 antiquitatis
1930 1821 2442 1895 studiosissimum,

185 1928 509 1983 nunquam
580 1908 656 1966 ab
716 1893 814 1980 iis,
887 1909 988 1984 qui
1056 1909 1337 1986 permulti
1406 1916 1549 1968 tunc
1613 1929 1685 1968 ex
1747 1909 1973 1985 Anglia
2033 1910 2118 1969 ad
2175 1905 2445 1991 leyendas

194 1995 534 2074 scripturas
580 2013 780 2056 sacra-3
827 1998 884 2053 in
933 1997 1289 2057 Hiberniam
1336 1999 1861 2075 transmigrabant,
1910 1999 2206 2059 audivisse
2238 1999 2446 2059 Scotos

196 2086 475 2144 venerari
530 2086 856 2144 Patricium
912 2087 1167 2164 primum
1224 2087 1554 2146 Hiberniae
1608 2088 1990 2190 episcopum?
2057 2089 2226 2166 Ergo
2279 2090 2446 2149 Beda

199 2181 308 2233 aut
369 2175 442 2232 de
504 2175 798 2247 Patricio,
860 2182 1070 2253 utpote
1130 2197 1248 2234 non
1309 2198 1343 2234 a
1402 2177 1689 2236 Romanis
1748 2177 1950 2250 misse,
2015 2180 2195 2237 verba
2255 2180 2446 2237 facere

201 2264 404 2322 noluit
451 2264 727 2365 (86110611,
776 2220 1017 2341 Herzog
1045 2265 1120 2322 R.
1165 2263 1236 2325 Ε.
1276 2267 1372 2338 11,
1419 2288 1477 2344 p.
1513 2267 1683 2343 209),
1739 2299 1818 2309 —-
1866 2267 2025 2342 quod
2069 2274 2283 2350 putare
2328 2289 2447 2326 non

204 2354 348 2410 licet
382 2360 443 2410 et
480 2354 620 2429 (11116
655 2354 820 2412 Beda
853 2374 969 2411 non
1013 2355 1066 2410 is
1112 2359 1216 2426 est,
1267 2355 1359 2412 cui
1406 2355 1518 2413 hoc
1564 2355 1886 2434 opprobrio
1933 2356 2151 2429 demus,
2200 2364 2260 2416 et
2307 2357 2447 2434 quia

209 2442 534 2501 absurdum
582 2449 671 2500 est
716 2464 823 2520 per
869 2462 947 2515 se,
995 2442 1139 2518 quia
1175 2442 1471 2502 Patricius
1513 2445 1653 2503 licet
1696 2443 1922 2503 nullam
1966 2402 2270 2505 habuisset
2317 2463 2449 2504 cum

210 2531 497 2590 Romanis
545 2531 1051 2604 consuetudinem,
1112 2538 1310 2590 tamen
1366 2554 1401 2590 a
1454 2533 1741 2592 Romanis
1798 2539 1962 2592 certo
2014 2536 2176 2593 nulla
2220 2556 2285 2593 re
2332 2536 2447 2594 dis-

215 2620 510 2680 sentiebat
574 2656 678 2693 -—,
750 2629 854 2680 aut
916 2621 1069 2680 sicut
1128 2621 1396 2679 nonnulli
1458 2623 1720 2698 ejusdem
1782 2623 2066 2699 temporis
2127 2623 2292 2683 Sco‘ti
2352 2626 2448 2701 (cf.

214 2729 392 2786 supra
436 2732 494 2786 p.
544 2711 658 2786 43)
701 2710 1030 2769 Patricium
1079 2711 1327 2768 eundem
1383 2731 1507 2769 esse
1563 2718 1743 2788 atque
1790 2712 2124 2771 Palladium
2173 2714 2449 2791 opinatus

221 2805 325 2858 est.
415 2798 549 2856 Hac
594 2797 848 2875 denique
1835 2819 1846 2826 ⁴

395 2893 608 2964 quarta
685 2888 916 2948 ratione
989 2889 1139 2947 solvi
1211 2909 1380 2965 posse
1465 2896 1730 2948 nostram
1810 2890 2215 2966 quaestionem
2290 2892 2450 2967 equi-

224 2978 349 3035 dem
416 2996 759 3055 persuasum
841 2978 985 3035 mihi
1063 2978 1268 3035 habe0.
1390 2977 1564 3050 Quod
1636 2977 1738 3055 qui
1815 2979 2040 3056 primus
2121 2975 2452 3057 suspicatus

228 3073 327 3138 est,
372 3064 693 3124 Schoellius
740 3067 903 3142 (diss.
948 3085 1006 3144 p.
1056 3067 1181 3142 77),
1230 3071 1438 3143 postea
1484 3067 1767 3143 (Herzog,
1812 3068 1888 3127 R.
1933 3068 2004 3127 Ε.
2059 3071 2157 3141 11,
2204 3070 2452 3148 116209)

228 3153 371 3213 116116
426 3156 762 3232 opinionem
842 3155 1135 3234 deposuit.
1242 3153 1414 3214 Unde
1493 3156 1674 3214 nolim
1755 3158 2000 3233 colligas
2075 3159 2451 3215 immaturam

233 3263 349 3303 esse
400 3264 542 3302 eam.
633 3243 731 3301 Ex
790 3244 1086 3303 contrario
1157 3244 1358 3303 multis
1429 3245 1794 3321 argumentis
1854 3246 2193 3303 confirmari
2237 3252 2451 3324 potest.

233 3333 373 3393 Nam
430 3329 623 3410 primo
687 3334 846 3410 quod
903 3339 963 3391 et
1017 3331 1352 3392 Palladium
1413 3340 1474 3392 et
1528 3334 1862 3392 Patricium
1917 3335 2159 3393 ineunte
2221 3336 2451 3393 saeculo

239 3422 426 3500 quinto
471 3423 533 3479 in
576 3422 932 3481 Hiberniam
979 3422 1208 3481 venisse
1256 3422 1535 3481 credibile
1584 3444 1702 3504 non
1750 3430 1839 3482 est
1879 3425 1976 3500 (cf.
2008 3441 2187 3502 supra
2240 3426 2269 3481 I
2287 3426 2452 3500 -3)‚

238 3514 404 3571 altero
466 3512 625 3588 quod
686 3511 854 3570 Beda
914 3511 987 3569 de
1047 3511 1309 3569 Patricio
1370 3511 1554 3570 verba
1612 3532 1731 3570 non
1801 3513 1969 3586 fecit,
2053 3513 2233 3571 tertio
2296 3512 2454 3590 quod

242 3602 383 3660 nulla
453 3605 650 3659 exstat
726 3601 885 3678 apud
938 3598 1171 3659 scotos
1250 3601 1472 3659 mentio
1552 3599 1809 3659 Palladii
1897 3601 2013 3659 11161
2090 3597 2249 3677 apud
2338 3621 2453 3675 eos,

245 3691 335 3766 qui
374 3689 651 3767 Prosperi
711 3690 1112 3748 narrationem
1175 3697 1599 3766 cognoverant,
1670 3696 1886 3767 quarto
1948 3691 2107 3766 quod
2168 3691 2308 3749 talis
2366 3695 2456 3749 est

246 3780 482 3838 Patricio
531 3799 665 3837 cum
712 3778 984 3837 Palladio
1030 3778 1283 3836 nominis
1330 3779 1622 3850 vicinitas,
1670 3799 1823 3855 quae
1870 3780 2043 3838 facile
2088 3778 2151 3836 in
2199 3800 2455 3838 errorem

249 3868 509 3928 adducere
556 3868 826 3947 potuerit
869 3867 1249 3945 Prosperum,
1299 3870 1506 3944 quinto
1556 3868 1716 3943 quod
1762 3868 1967 3926 eodem
2014 3888 2168 3926 anno
2217 3870 2343 3926 432
2393 3869 2456 3925 in

249 3958 573 4018 Hiberniam
627 3958 858 4016 venisse
912 3956 1174 4016 traditur
1228 3955 1536 4015 Palladius
1591 3976 1626 4014 a
1681 3955 2004 4034 Prospero,
2067 3956 2365 4016 Patricius
2420 3977 2456 4014 a

253 4046 550 4105 'Pirechano
576 4045 603 4081 1
656 4079 759 4120 -,
808 4053 976 4105 sexto
1024 4045 1277 4121 denique
1326 4046 1485 4122 quod
1530 4044 1838 4105 Palladius
1881 4046 1981 4105 1116
2027 4045 2308 4123 Prosperi
2353 4065 2454 4104 na-

334 4217 337 4220 *
404 4187 424 4219 ¹
459 4184 805 4239 Tirechanus
861 4183 1105 4236 secundo
1166 4200 1196 4236 r
1292 4202 1318 4237 s
1369 4183 1623 4251 Logairii
1682 4197 1828 4236 anno
1877 4182 2187 4236 Patricium
2234 4183 2456 4237 venisse

256 4257 501 4327 prodidit,
537 4273 731 4324 regem
769 4259 958 4308 autem
994 4251 1226 4337 11161113
1300 4272 1474 4307 annos
1512 4270 1774 4325 regnasse
1813 4257 2054 4307 testatur
2093 4253 2356 4322 (Betham
2394 4253 2456 4307 H

259 4348 361 4399 app.
394 4347 443 4398 p.
484 4297 715 4397 XIX).
755 4327 928 4395 ErgO,
969 4325 1015 4379 si
1055 4256 1352 4394 Loga3irius
1392 4343 1535 4379 anno
1573 4325 1677 4380 463
1714 4328 1966 4378 mortuus
2006 4329 2092 4377 est
2129 4323 2345 4394 (Skene
2372 4323 2453 4391 Π,

1953 4413 2028 4466 4*
