3025 4909
1376 190 1855 247 —106—

497 366 832 428 Perfectior
861 388 1009 444 ergo
1034 367 1162 428 vita
1207 367 1606 439 eremitarum,
1654 368 1756 428 sed
1785 368 1997 426 melior
2025 387 2097 425 ac
2125 368 2363 444 quidem
2395 366 2769 444 disciplinae

499 477 677 518 causa
735 456 869 516 vita
920 456 1281 516 coenobialis
1325 456 1646 516 videbatur
1706 477 1833 515 esse
1892 455 2235 516 Columbae.
2326 455 2402 526 In
2448 455 2769 515 coenobiis

498 546 688 622 igitur
744 546 1017 605 monachi
1078 548 1205 621 ejus
1250 545 1538 605 vivebant
1580 545 1738 605 votis
1798 545 2096 623 impediti,
2166 545 2479 621 quominus
2539 543 2766 604 invitis

500 634 818 694 abbatibus
864 634 1122 712 primum
1168 634 1570 694 conversionis
1614 635 1810 693 locum
1851 635 2272 710 relinquerent.
2342 633 2428 692 Et
2472 640 2772 693 votorum

500 743 653 801 quae
700 729 829 783 erat
873 722 1006 783 vis?
1074 722 1262 784 Irrita
1306 723 1439 782 fieri
1483 730 1793 801 poterant,
1853 743 2017 795 nam,
2082 722 2187 799 qui
2246 722 2579 799 corrigendi
2625 741 2765 780 non

500 818 700 885 erant,
770 831 871 871 eos
919 832 1041 871 non
1093 812 1270 871 aliter
1313 818 1496 889 atque
1541 811 1905 871 Benedictus
1951 811 2323 870 cassinensis
2370 814 2516 887 (reg.
2565 832 2614 869 e.
2664 811 2764 868 28

499 902 773 974 Holsten,
821 901 947 959 cod.
979 920 1102 977 reg.
1133 900 1221 974 II,
1251 921 1310 978 p.
1346 901 1430 960 35
1467 935 1547 945 —
1582 920 1896 979 perperam
1926 901 2106 959 aliter
2132 900 2461 972 Ebrardus,
2506 921 2565 978 p.
2600 900 2766 972 233,

501 991 572 1050 cf.
627 991 750 1048 196
796 992 914 1067 sq.)
957 990 1031 1047 de
1076 991 1329 1049 fratrum
1374 989 1624 1049 cohorte
1661 989 1954 1049 removeri
1992 990 2190 1065 jussit,
2237 989 2343 1049 sed
2388 989 2502 1048 nisi
2547 988 2608 1046 in
2658 1009 2765 1047 re·

500 1078 807 1138 movendis
838 1084 989 1137 vota
1011 1078 1269 1138 rescindi
1315 1099 1436 1137 mn
1481 1083 1779 1157 poterant.
1841 1078 1997 1137 Nam
2041 1078 2093 1137 si
2139 1078 2443 1137 monachis
2488 1077 2768 1137 licuisset

501 1188 607 1227 sua
652 1174 864 1245 sponte
909 1168 1163 1226 fratrum
1207 1168 1305 1227 vel
1358 1187 1627 1228 sororum
1686 1167 2031 1226 societatem
2087 1167 2443 1244 relinquere,
2497 1201 2586 1214 --
2646 1185 2772 1224 cur

500 1257 654 1315 duae
706 1256 842 1315 illae
896 1256 1185 1333 virginee,
1252 1255 1326 1315 de
1383 1257 1604 1334 quibus
1643 1257 1836 1317 Jonas
1889 1255 2252 1315 mentionem
2304 1255 2448 1315 fecit
2503 1256 2566 1314 in
2619 1255 2768 1315 vita.

499 1345 1001 1423 Burgundofarae
1042 1347 1115 1421 (c.
1154 1344 1253 1417 15,
1298 1366 1356 1421 p.
1391 1346 1567 1423 446),
1614 1346 1765 1404 clam
1810 1365 1873 1405 se
1919 1344 2372 1404 subduxerunt?

678 1434 755 1492 In
800 1433 893 1491 his
939 1433 1132 1494 adhuc
1177 1434 1328 1493 nihil
1374 1433 1688 1494 Scotorum
1733 1434 2062 1512 proprium.
2150 1434 2242 1493 Ne
2298 1434 2560 1511 duplicia
2618 1434 2763 1510 qui·

501 1523 637 1582 dem
696 1522 1058 1581 monasteria
1118 1521 1432 1584 Scotorum
1487 1523 1733 1601 propria
1789 1521 1970 1581 fuisse
2014 1522 2313 1581 videntur.
2405 1521 2768 1582 Invenimus

502 1631 574 1671 ea
617 1611 683 1670 in
728 1610 1070 1683 Britannia,
1130 1611 1518 1672 inveniuntur
1564 1612 1746 1671 etiam
1800 1611 1963 1690 apud
2008 1610 2337 1670 Columbae
2395 1611 2585 1671 socios
2646 1611 2769 1669 sed

500 1700 747 1773 rariora,
792 1705 862 1759 ut
908 1700 1137 1778 opinor,
1185 1722 1363 1778 quam
1408 1701 1722 1760 Ebrardus
1768 1703 1852 1779 (p.
1887 1701 2015 1759 203
2048 1702 2209 1777 sqq.)
2251 1706 2338 1773 et,
2400 1701 2502 1777 qui
2550 1700 2613 1757 in
2660 1700 2768 1759 his

501 1788 680 1849 fidem
735 1789 825 1847 illi·
877 1789 1116 1862 hahuit,
1182 1790 1553 1867 Loeningius
1599 1789 1717 1865 (ΙΙ,
1765 1812 1824 1867 Ρ.
1857 1790 2014 1866 430)
2073 1788 2356 1848 videntur
2413 1809 2526 1867 pro
2588 1795 2764 1848 certo

500 1877 748 1951 habere,
810 1898 951 1938 nam
996 1898 1072 1936 ex
1115 1878 1193 1937 iis
1235 1879 1637 1951 monasteriis,
1698 1898 1852 1954 quae
1905 1900 1943 1937 a
2003 1877 2176 1937 sociis
2229 1879 2325 1938 vel
2384 1877 2591 1937 amicis
2637 1877 2766 1935 Co·

502 1967 741 2026 lumbae
787 1967 1027 2025 condita
1071 1974 1227 2041 sunt,
1274 1969 1405 2028 sola
1449 1968 1619 2040 haec,
1666 1967 1784 2026 nisi
1829 1968 2032 2039 fallor,
2076 1966 2340 2046 duplicia
2385 1974 2585 2025 erant:
2630 1986 2764 2025 mo-

503 2056 831 2115 nasterium
860 2054 907 2115 J
906 2056 1076 2113 orani
1106 2057 1325 2116 montis
1372 2057 1470 2131 (cf.
1501 2056 1978 2128 Monmlembort,
2023 2056 2110 2114 les
2154 2056 2380 2115 moines
2424 2054 2772 2115 d'oeeid-ent

501 2143 590 2217 H,
634 2165 694 2221 p.
729 2143 810 2202 59
820 2146 875 2216 7,
923 2143 1135 2217 Varia,
1178 2151 1351 2204 mem.
1400 2145 1458 2218 2,
1503 2167 1563 2223 p.
1601 2146 1772 2221 181),
1817 2144 2436 2204 Famemonasterium
2482 2144 2768 2220 (Montal.

503 2255 562 2312 p.
611 2234 766 2306 614,
813 2231 1007 2292 Varin
1052 2233 1091 2293 1.
1139 2236 1232 2311 o),
1292 2233 1592 2293 Habenda
1650 2234 1922 2309 (Montal.
1978 2254 2037 2312 p.
2087 2234 2261 2310 631),
2328 2233 2770 2292 monasterium

503 2322 809 2381 Dervense
856 2321 1128 2396 (Montal.
1172 2344 1233 2400 p.
1267 2323 1414 2396 611,
1461 2324 1536 2381 cf.
1575 2322 1852 2400 Loening
1881 2322 1967 2395 H,
2015 2344 2073 2400 p.
2106 2323 2230 2381 431
2268 2328 2391 2381 not.
2427 2323 2512 2398 2).
2602 2322 2768 2380 Pro-

503 2410 641 2489 pria
667 2430 808 2470 vero
840 2409 1152 2469 Scotorum
1198 2409 1385 2470 fuisse
1425 2411 1769 2486 hujusmodi
1812 2411 2174 2471 monasteria
2204 2411 2351 2469 mihi
2391 2409 2768 2489 persuadere

503 2519 625 2559 non
668 2499 862 2576 potui.
921 2498 1137 2557 Varini
1181 2499 1356 2573 enim,
1404 2500 1507 2577 qui
1555 2502 1749 2575 (mem.
1784 2502 1843 2572 2,
1888 2521 1947 2578 Ρ.
1986 2500 2362 2577 165-204)
2406 2499 2586 2578 primi
2628 2501 2773 2575 jam

504 2589 682 2664 huj&
727 2587 962 2664 generis
1007 2588 1070 2647 in
1116 2587 1318 2647 Gallia
1362 2588 1738 2661 monasterii,
1796 2588 2197 2663 Pictavensis,
2262 2588 2459 2647 medio
2519 2589 2771 2648 saeculo

506 2684 673 2740 sexto
719 2698 757 2736 a
800 2676 1173 2752 Radegunde
1226 2676 1434 2753 regina
1479 2676 1730 2749 conditi,
1791 2677 2082 2754 originem
2137 2698 2175 2736 a
2228 2676 2425 2738 Scotis
2480 2681 2772 2755 repeten-

506 2768 643 2827 dam
697 2786 825 2826 esse
879 2765 1137 2834 censuit,
1192 2772 1550 2842 argumenta
1603 2766 1874 2825 doctiora
1921 2785 2099 2843 quam
2154 2766 2524 2845 simpliciora
2562 2785 2772 2842 neque

504 2854 654 2914 mihi
697 2871 917 2931 neque,
977 2860 1048 2913 ut
1091 2854 1355 2927 videtur,
1400 2854 1734 2932 Loeningio
1781 2854 2189 2932 (11,p.430)
2236 2855 2310 2915 de
2355 2856 2470 2914 hac
2510 2873 2577 2913 re
2624 2875 2774 2932 per-

507 2942 754 3004 suadere
799 2933 1141 3021 potuerunt.
1201 2945 1358 3004 Nm
1405 2963 1536 3002 cum
1583 2963 1808 3004 morem
1852 2944 2020 3002 illum
2066 2943 2131 3001 in
2177 2943 2407 3003 oriente
2453 2943 2770 3004 exstitisse

507 3037 758 3105 constet,
800 3031 959 3091 unde
1002 3050 1147 3090 eum
1184 3031 1249 3090 in
1278 3031 1637 3091 Hiberniam
1683 3038 1747 3091 et
1788 3033 1853 3091 in
1898 3031 2255 3109 Hispaniam
2298 3031 2534 3109 (Varin‚
2580 3040 2766 3091 mem.

510 3124 571 3196 2,
613 3143 672 3201 Ρ.
725 3122 879 3197 170)
925 3125 1316 3180 transmeasse
1363 3140 1558 3197 neque
1600 3120 1866 3180 Vax-inus
1908 3121 2182 3198 negavit,
2251 3139 2768 3200 supervacaneum

507 3231 637 3271 esne
679 3211 923 3271 videtur
979 3209 1306 3287 duplicium
1365 3208 1428 3267 in
1474 3209 1676 3268 Gallia
1733 3209 2228 3269 monasteriorum
2290 3209 2581 3287 originem
2645 3209 2774 3268 cir·

507 3299 767 3359 cuitione
826 3299 1083 3374 quadam
1143 3319 1180 3356 a
1239 3291 1434 3358 Scotis
1491 3305 1780 3377 repetere.
1871 3298 2220 3371 Praeterea,
2290 3299 2404 3358 etsi
2463 3315 2769 3377 ponamus

507 3386 909 3459 Fridolinmn,
972 3385 1242 3459 Scotum,
1302 3407 1514 3446 revera
1559 3386 1897 3446 Picta-rium
1943 3387 2310 3465 pervenisse,
2380 3392 2583 3446 tamen
2628 3386 2767 3446 sine

507 3476 697 3536 dubio
746 3474 969 3535 saeculi
1027 3474 1181 3534 senti
1239 3476 1612 3553 temporibus
1671 3474 1986 3536 Scotorum
2046 3476 2110 3534 in
2167 3474 2371 3534 Gallia
2430 3474 2772 3535 auctoritas

507 3572 681 3626 tants
725 3585 845 3624 non
891 3570 1039 3637 erat,
1084 3570 1155 3623 ut
1198 3583 1421 3622 morem
1461 3584 1706 3643 prorsus
1735 3584 1954 3625 nevum
1986 3570 2048 3623 et
2078 3564 2412 3622 inauditum
2460 3564 2524 3622 in
2555 3563 2772 3623 Gallia.

507 3654 863 3713 inducerent
903 3672 1157 3728 eumque
1198 3653 1409 3727 talem,
1468 3656 1636 3730 cnjus
1678 3653 1811 3731 ipsa
1853 3658 2072 3713 natura
2114 3652 2390 3711 idoneam
2434 3652 2766 3731 reprehen-

508 3742 690 3804 sionis
721 3762 943 3801 *ansam
986 3742 1149 3801 ultro
1195 3741 1510 3818 praeheret
1553 3740 2010 3819 impugnatoris.
2099 3740 2316 3819 Neque
2367 3742 2572 3801 eadem
2628 3747 2768 3801 erat

510 3830 672 3910 apud
703 3828 913 3891 Scotos
957 3829 1312 3890 instituendi
1343 3830 1708 3890 monasteria
1736 3829 2002 3908 duplicia
2027 3830 2189 3889 ratio
2216 3836 2397 3907 atque
2441 3831 2508 3889 in
2536 3828 2764 3890 Gallia.

509 3919 698 3999 Apud
728 3916 940 3978 Scotos
972 3919 1128 3977 enim
1157 3939 1283 3977 nna
1323 3919 1629 3978 abbatissa
1675 3925 1736 3977 et
1782 3923 2048 3978 sororum
2095 3924 2159 3977 et
2200 3919 2457 3977 fratrum
2503 3918 2764 3996 collegio

508 4014 787 4088 praeerat
832 4009 931 4083 (cf.
962 4025 1143 4083 supra
1173 4028 1235 4085 Ρ.
1267 4007 1396 4084 81),
1442 4008 1507 4065 in
1537 4005 1745 4067 Gallis.
1783 4007 1987 4085 priora
2031 4007 2370 4083 hujusmodi
2399 4008 2767 4067 monasteria

509 4104 573 4158 et
617 4097 876 4199 primum
935 4094 1177 4173 quidem
1234 4096 1662 4156 monasterium
1703 4095 2062 4156 Pietavense
2121 4095 2446 4173 separatim
2505 4095 2763 4155 admini-

510 4192 705 4247 strata
751 4186 865 4245 nisi
909 4185 1174 4245 locorum
1219 4184 1678 4262 propinquitate
1719 4185 1998 4262 copulata
2057 4189 2118 4243 et
2176 4184 2239 4241 in
2295 4204 2480 4244 unum
2540 4203 2762 4263 eorpus

510 4279 828 4353 conjuncta
873 4294 993 4334 non
1039 4280 1242 4347 erant,
1297 4274 1697 4351 posteriorum
1751 4274 2033 4333 nonnulla
2079 4278 2150 4331 ut
2193 4272 2504 4333 Dervense
2544 4273 2635 4331 ita
2683 4274 2766 4333 ab
