3025 4909
1143 206 1584 264 —93—

206 408 374 448 esse
388 432 403 461 ,
464 388 643 447 immo
687 389 960 465 putabat,
1008 406 1179 445 suum
1226 405 1449 445 morem
1492 406 1623 446 esse
1669 385 2023 446 catholicum
2067 401 2261 462 neque
2306 382 2478 441 dubi-

210 479 439 551 tabat,
488 477 631 554 quin
660 477 1066 536 Romanorum
1110 495 1236 535 mos
1283 496 1415 535 cum
1460 495 1567 535 suo
1614 479 1981 553 congrueret.
2051 475 2244 549 Quam
2290 472 2480 551 opini-

209 587 421 626 onem
482 572 798 645 postquam
851 566 1062 625 falsam
1117 565 1420 643 cognovit,
1481 565 1683 638 tertia,
1747 584 1900 642 quae
1943 569 2167 634 exstat,
2228 561 2481 640 epistola

210 656 320 716 ad
369 654 652 733 Gregorii
696 673 1103 727 successorem,
1151 653 1389 731 quiquis
1433 654 1550 712 fuit
1596 653 1961 732 [Bonifatius
2004 652 2098 712 IV
2114 652 2143 710 P
2189 650 2479 727 Fleming,

212 766 297 823 p.
340 745 488 816 111,
534 750 655 803 not.
688 748 766 822 a),
812 744 992 803 missa
1034 743 1149 803 hoc
1191 763 1373 801 unum
1419 764 1455 801 a
1498 763 1659 821 papa
1702 743 1937 821 petivit,
1980 749 2053 802 ut
2097 740 2212 800 sibi
2241 739 2481 815 suisque

214 834 452 893 liceret
499 833 752 910 amplius
796 834 1114 893 observare
1157 832 1543 892 traditionem
1587 834 1877 908 majorum
1916 833 2035 909 (ep.
2071 831 2102 888 1
2139 829 2297 888 Bibl.
2328 847 2481 886 max.

217 922 403 996 XII,
447 944 506 1001 p.
542 922 626 980 24
657 922 752 1000 F).
827 921 913 981 Et
957 922 1273 981 observata
1318 928 1408 981 est
1438 941 1592 980 anno
1624 922 1804 980 etiam
1838 922 1984 994 610,
2029 939 2167 978 nam
2193 916 2482 977 Columba

222 1013 308 1071 in
375 1012 631 1090 epistula
683 1011 785 1071 illa
798 1055 812 1084 ,
874 1030 1050 1088 quam
1106 1031 1180 1070 ex
1224 1010 1593 1071 Nannetensi
1646 1011 1794 1070 urbe
1854 1010 1932 1070 ad
1984 1008 2304 1085 discipulos
2347 1023 2483 1064 suos

224 1100 427 1174 misit,
471 1099 745 1159 hortatus
788 1106 880 1160 est
922 1119 1075 1172 suos,
1120 1119 1195 1157 ne
1240 1101 1644 1159 alienarentur
1688 1120 1725 1159 a
1767 1120 1876 1159 sua
1918 1097 2259 1169 traditione,
2306 1113 2483 1173 quam

229 1190 433 1250 etiam
476 1195 620 1248 tunc
663 1189 967 1248 meliorem
1006 1188 1317 1264 judicabat
1347 1191 1461 1267 (ep.
1497 1190 1556 1247 3.
1602 1188 1762 1248 Bibl.
1791 1209 1945 1247 max.
1975 1186 2130 1261 XII,
2176 1208 2235 1265 p.
2268 1187 2348 1243 27
2383 1184 2482 1258 Β).

229 1278 476 1338 Tamen
521 1277 582 1337 in
615 1278 799 1338 Italia
830 1277 1120 1337 Columba
1164 1277 1403 1337 videtur
1446 1298 1508 1336 se
1555 1280 1950 1340 conformasse
1996 1277 2073 1336 ad
2101 1295 2326 1335 morem.
2353 1273 2483 1332 uni·

232 1387 456 1427 versae
495 1367 791 1439 ecclesiae,
837 1387 975 1426 nam
1006 1368 1069 1425 in
1099 1367 1328 1439 ultima,
1377 1386 1555 1443 quam
1586 1369 1886 1441 habemus,
1934 1367 2204 1446 epistula,
2250 1384 2325 1422 ex
2354 1363 2486 1441 ipsa

234 1457 434 1516 Italia
478 1457 555 1515 ad
578 1457 951 1516 Bonifatium
974 1456 1071 1515 IV
1100 1476 1317 1534 papam
1347 1456 1528 1515 missa
1552 1459 1667 1536 (ep.
1694 1457 1751 1515 4.
1798 1456 1956 1515 Bibl.
1981 1475 2135 1515 max.
2151 1475 2208 1532 p.
2229 1453 2313 1512 28
2330 1452 2485 1530 sqq.)

237 1547 323 1605 de
384 1547 648 1625 paschali
708 1545 1114 1605 controversia
1167 1564 1285 1603 non
1334 1548 1459 1621 ,iam
1502 1544 1576 1605 fit
1619 1546 1858 1606 mentio.
1947 1545 2174 1604 Eodem
2218 1549 2487 1620 tempore

238 1636 314 1695 in
361 1634 562 1694 Gallia
621 1635 942 1713 discipulos
987 1634 1312 1694 Columbae
1358 1632 1673 1694 Scotorum
1727 1633 2067 1694 celebrandi
2119 1652 2342 1691 morem
2388 1630 2487 1688 de·

241 1724 518 1802 posuisse
564 1724 981 1826 suspicandum
1026 1731 1133 1783 est.
1225 1722 1451 1783 Tamen
1497 1725 1782 1784 nonnulla
1826 1724 2315 1801 relinquebantur
2347 1718 2486 1779 Sco·

244 1821 451 1873 torum
497 1812 756 1892 propria,
806 1832 957 1890 quae
990 1812 1180 1872 Gallis
1226 1811 1537 1871 offensioni
1582 1834 1707 1874 esse
1751 1819 2010 1892 possent.
2088 1812 2219 1885 Quo
2265 1811 2489 1868 factum

250 1908 365 1974 est,
393 1908 461 1960 ut
490 1922 643 1961 anno
676 1902 856 1961 etiam
891 1902 1019 1960 624
1051 1902 1233 1978 (Mab.
1257 1901 1343 1973 H,
1373 1902 1480 1961 vit.
1502 1902 1743 1963 Eustas.
1780 1904 1878 1961 10.
1910 1922 2045 1961 ann.
2072 1901 2232 1972 625,
2219 1920 2307 1977 p.
2337 1898 2489 1971 119)

246 1990 597 2068 Agrestius,
656 1991 918 2069 perfidus
979 1997 1041 2050 et
1099 1990 1355 2049 infidelis
1411 1991 1651 2068 quidam
1703 1990 2097 2050 Luxoviensis
2149 1983 2491 2048 monasterii

249 2081 599 2153 monachus,
660 2080 1004 2140 Eustasium
1048 2081 1324 2139 abbatem
1372 2081 1831 2154 Luxoviensem,
1890 2080 1985 2140 cui
2029 2080 2299 2139 inimicus
2345 2080 2491 2148 erat,

249 2187 455 2228 coram
501 2171 749 2246 synodo,
794 2169 1218 2228 Matisconensi
1261 2169 1325 2227 in
1369 2170 1518 2228 urbe
1563 2177 1949 2248 congregata,
2009 2168 2302 2248 episcopis
2344 2184 2490 2225 non·

246 2258 435 2317 nullis
492 2259 730 2335 adjutus
777 2258 1157 2318 dissensionis
1203 2258 1280 2317 ab
1326 2259 1576 2318 ecclesia
1621 2259 1909 2318 catholica
1955 2277 2228 2317 accusare
2273 2260 2493 2334 posset.

252 2347 396 2420 Qua
440 2348 503 2405 in
548 2349 768 2424 synodo
816 2348 889 2406 de
934 2348 1101 2407 festis
1146 2347 1357 2406 diebus
1401 2348 1777 2426 paschalibus
1822 2346 2190 2406 celebrandis
2220 2364 2338 2403 non
2363 2348 2491 2419 jam

250 2436 566 2512 agebatur,
612 2444 673 2495 et
715 2438 924 2497 ceteris
937 2482 952 2511 ,
999 2456 1152 2515 quae
1195 2437 1469 2514 protulit,
1512 2436 1833 2514 Agrestius
1878 2437 2120 2495 minime
2165 2433 2377 2507 effecit,
2421 2438 2491 2492 ut

248 2523 608 2584 discordiam
671 2527 1010 2586 concitaret.
1100 2525 1334 2585 Deinde
1394 2546 1466 2583 ex
1527 2545 1595 2584 eo
1656 2533 1921 2605 tempore
1976 2524 2138 2584 Galli
2194 2542 2315 2582 non
2367 2525 2492 2599 jam

248 2613 651 2673 meminerunt
681 2613 1030 2675 Columbam
1076 2622 1138 2674 et
1176 2614 1366 2673 socios
1397 2616 1525 2689 ejus
1554 2616 1735 2675 fuisse
1763 2615 2112 2693 peregrinos
2140 2620 2202 2673 et
2231 2612 2493 2671 moribus

253 2701 379 2761 sibi
432 2702 576 2781 ipsis
630 2704 877 2764 alienos:
939 2724 1075 2762 nam
1109 2724 1284 2781 quae
1337 2704 1582 2781 propria
1633 2706 1873 2764 fuerant
1916 2702 2228 2763 Scotorum
2273 2700 2493 2779 partim

248 2790 340 2938 {b
406 2791 552 2869 ipsis
617 2792 886 2870 deposita
945 2800 1118 2851 erant
1174 2792 1396 2870 partim
1456 2800 1698 2871 recepta
1757 2814 1793 2852 a
1854 2792 2048 2853 Gallis
2116 2793 2314 2853 aliena
2368 2802 2493 2851 esse

302 2880 570 2939 esierant.

437 2968 555 3029 Sed
612 2990 902 3046 quaenam
958 2976 1130 3029 erant
1181 2971 1289 3028 illa
1333 2969 1644 3028 Scotorum
1700 2972 1943 3050 propria
1960 2972 1990 3029 P
2080 2972 2248 3030 Haec
2301 2971 2493 3031 denuo

249 3058 369 3116 hoc
414 3058 542 3117 loco
592 3059 825 3118 exsistit
865 3059 1132 3136 quaestio
1163 3059 1334 3135 eique
1366 3059 1681 3118 solvendae
1711 3060 1903 3120 denuo
1935 3079 2176 3139 operam
2208 3065 2495 3119 navantes

252 3166 348 3220 ea,
396 3166 548 3224 quae
594 3167 775 3224 supra
809 3151 935 3223 jam
965 3148 1236 3220 diximus,
1283 3167 1415 3207 cum
1447 3148 1923 3209 confirmabimus
1952 3155 2079 3208 tum
2112 3148 2495 3227 explebimus.

435 3235 769 3313 Praecipua
828 3235 1321 3296 controversionis
1381 3255 1559 3296 causa
1618 3238 1798 3297 etiam
1849 3239 1961 3297 hoc
2014 3240 2143 3296 loco
2198 3239 2314 3298 fuit
2358 3236 2499 3296 festi

254 3324 555 3402 paschalis
601 3327 979 3403 computatio,
1027 3328 1100 3385 de
1148 3346 1266 3403 qua
1311 3346 1444 3384 cum
1489 3345 1674 3404 supra
1716 3327 1862 3387 satis
1895 3330 2018 3403 jam
2050 3326 2497 3404 disputaverim,

255 3411 324 3471 id
381 3433 564 3471 unum
625 3415 867 3489 addam,
929 3416 1089 3493 quod
1146 3414 1291 3474 haec
1352 3415 1425 3473 de
1478 3415 1847 3476 celebrandis
1900 3416 2069 3476 festis
2123 3416 2499 3494 paschalibus

257 3500 469 3561 diebus
514 3503 801 3562 dissensio
843 3504 989 3563 adeo
1023 3525 1211 3584 paene
1241 3524 1360 3564 una
1391 3523 1460 3561 ac
1490 3505 1617 3563 sola
1648 3506 2082 3566 controversiae
2113 3525 2290 3564 causa
2319 3504 2498 3563 fuisse

255 3589 523 3665 videtur,
585 3600 656 3652 ut
710 3592 999 3653 Columba
1057 3594 1122 3653 in
1177 3592 1447 3672 epistulis
1500 3593 1623 3654 suis
1678 3594 1751 3652 de
1804 3596 1967 3653 nullo
2024 3594 2140 3653 alio
2187 3592 2499 3653 Scotorum

255 3698 423 3738 more
468 3681 654 3740 verba
708 3683 946 3742 faceret.
1037 3682 1192 3742 Nam
1239 3681 1461 3742 erravit
1504 3683 1898 3761 Rettbergius
1944 3683 2054 3758 (II,
2102 3704 2161 3760 p.
2211 3683 2290 3740 37
2298 3686 2322 3759 )
2367 3701 2501 3740 cum

260 3769 500 3845 putavit
545 3769 893 3830 Columbam
940 3770 1231 3851 Gregorio
1292 3790 1484 3850 papae
1545 3772 1724 3832 etiam
1778 3774 1851 3831 de
1898 3771 2207 3831 Scotorum
2253 3777 2500 3830 tonsura

265 3855 582 3934 scripsisse.
659 3859 755 3918 De
786 3860 896 3918 hac
924 3860 996 3918 fit
1024 3861 1245 3920 mentio
1276 3861 1339 3919 in
1371 3861 1595 3937 synodo
1626 3860 2063 3934 Matisconensi,
2094 3861 2197 3919 sed
2228 3858 2503 3938 cognosci

261 3964 384 4004 non
428 3954 641 4024 potest,
688 3956 889 4008 utrum
920 3948 1240 4025 Agrestius
1286 3949 1452 4008 illam
1496 3969 1624 4008 rem
1670 3951 1780 4010 soli
1819 3946 2119 4031 „reliyioni
2149 3945 2494 4010 Columbae“

260 4033 367 4095 sed
398 4036 578 4095 etiam
599 4037 882 4098 Eustasio
915 4038 1147 4098 crimini
1170 4038 1403 4098 dederit
1425 4040 1556 4115 (vit.
1579 4039 1817 4098 Eustas.
1849 4041 1926 4098 12
1952 4039 2110 4099 Mab.
2133 4038 2218 4111 II,
2243 4059 2301 4117 p.
2331 4039 2502 4112 120),

259 4124 553 4185 nescimus
617 4127 769 4186 enim
785 4172 800 4201 ,
864 4127 1101 4206 quando
1145 4127 1553 4188 Luxovienses
1606 4147 1829 4187 morem
1881 4129 2050 4188 illum
2106 4128 2502 4207 deposuerint.

262 4211 522 4288 CeteriS,
587 4235 738 4292 quae
790 4218 1159 4295 proferebat,
1220 4216 1541 4295 Agrestius
1593 4217 1816 4294 partim
1868 4218 2133 4296 regulam
2181 4215 2503 4278 Columbae

259 4302 646 4381 vituperavit,
690 4304 765 4364 de
811 4325 929 4383 qua
972 4305 1129 4364 infra
1174 4305 1485 4365 dicendum
1531 4312 1639 4380 est,
1685 4307 1907 4385 partim
1955 4307 2040 4365 nil
2070 4306 2186 4366 nisi
2215 4307 2384 4382 ritus,
2430 4326 2505 4367 ex
