3025 4909
1462 224 1893 286 —20—

561 425 859 485 quaquam
902 404 1192 485 proficisci
1237 408 1451 485 potuit.
1512 408 1646 465 Hoc
1677 405 1952 465 Ebrardo
1984 411 2075 464 est
2121 404 2574 464 concedendum.
2642 403 2842 478 Quid

562 503 759 574 autem
778 542 792 571 ‚
861 497 913 556 si
971 497 1125 556 forte
1185 497 1312 574 ipse
1373 496 1677 555 Victorius
1737 497 1921 554 verba
1982 494 2281 553 addiderit
2341 493 2414 551 de
2479 492 2608 566 die,
2685 512 2843 571 qua.

560 587 776 646 festum
821 587 1097 664 paschale
1145 586 1512 645 celebretur?
1569 586 1817 645 Licetne
1865 585 1975 643 hoc
2019 583 2277 663 putare?
2322 582 2516 641 Immo
2564 602 2839 641 necesse

561 681 668 736 est.
712 675 1044 735 Audiamus
1091 673 1448 752 Gregorium
1495 674 1896 733 Turonensem
1945 674 2027 749 (h.
2062 693 2109 731 e.
2144 673 2218 743 V,
2270 674 2368 732 17.
2414 672 2496 729 Η.
2543 671 2668 729 and
2714 670 2836 730 St.

559 763 645 837 ΙΙ,
698 766 752 837 1,
798 785 854 842 p.
906 767 1032 841 77),
1082 766 1245 840 qui,
1245 763 1542 836 ,dubietaa
1588 765 1801 842 inquit,
1841 760 2096 842 paschae
2123 760 2250 863 fuit
2295 763 2371 836 (a.
2418 761 2473 818 d.
2525 760 2683 835 590)
2733 758 2833 819 ob

559 849 700 925 hoe,
768 852 928 934 quod
986 852 1048 912 in
1093 851 1246 936 cyclo
1309 849 1504 913 Victor
1563 851 1732 913 lunae
1777 852 2004 913 decima
2056 850 2259 933 quinta
2291 846 2524 929 pascha
2569 847 2836 929 scripsit

536 941 706 1024 fiee-2⁶3
773 942 876 1002 sed
918 962 989 1000 ree
1037 938 1383 1014 Christiani,
1442 951 1504 1002 ut
1551 939 1803 1014 Judaec',
1851 941 1956 1001 sub
2000 939 2110 1001 hae
2152 938 2295 999 luna
2338 936 2476 998 haee
2520 935 2832 998 solemnia

557 1028 922 1103 celebrarent,
971 1031 1249 1092 addidit⁶⁶
1296 1033 1393 1108 (cf.
1440 1033 1633 1110 ipsum
1678 1032 2018 1091 Ebrardum
2064 1053 2121 1109 p.
2171 1030 2300 1106 34).

737 1119 850 1178 Sed
900 1141 1249 1198 quocunque
1295 1121 1469 1180 modo
1527 1143 1622 1181 res
1679 1143 1805 1181 sese
1858 1123 2062 1195 habet,
2125 1140 2257 1178 cum
2319 1118 2513 1194 cyclus
2560 1117 2665 1175 ille
2718 1118 2822 1175 84

558 1229 844 1267 annorum
892 1216 1018 1269 tum
1065 1232 1189 1270 mos
1247 1211 1345 1269 ille
1393 1212 1731 1271 celebrandi
1784 1212 1946 1271 intra
2000 1213 2173 1268 lunae
2227 1209 2431 1265 14¹1¹⁸m
2479 1212 2540 1265 et
2588 1208 2826 1263 20mam

557 1298 857 1377 prioribus
903 1300 1272 1378 temporibus
1320 1300 1558 1358 minime
1606 1301 1923 1359 Britonum
1969 1298 2247 1378 proprius
2294 1302 2450 1369 erat,
2512 1296 2629 1375 ipsi
2676 1296 2820 1354 Ro-

558 1388 715 1447 mani
761 1391 962 1464 quarti
1019 1390 1237 1448 saeculi
1295 1391 1438 1467 quin
1493 1391 1674 1449 etiam
1728 1389 1987 1449 ineuntis
2041 1387 2238 1465 quinti
2292 1386 2511 1445 saeculi
2566 1392 2818 1463 tempo-

558 1478 723 1536 ribus
770 1487 831 1536 et
876 1499 1036 1537 more
1084 1479 1184 1537 illo
1218 1485 1278 1538 et
1310 1481 1470 1555 cyclo
1502 1482 1827 1539 utebantur
1858 1481 1954 1555 (cf.
1985 1477 2224 1537 Ebrard
2255 1497 2313 1552 p.
2346 1475 2430 1533 40
2468 1481 2530 1534 et
2573 1497 2633 1553 p.
2668 1476 2817 1552 36).

556 1565 816 1625 Romani
861 1568 1088 1627 duobus
1135 1569 1381 1627 saeculis
1427 1575 1566 1646 post
1609 1590 1779 1628 usum
1833 1588 2002 1628 suum
2057 1570 2592 1636 commutaverant,
2658 1564 2814 1621 Bri-

557 1661 727 1714 tones
789 1656 964 1715 etiam
1027 1663 1183 1715 tunc>
1226 1679 1388 1716 more
1449 1662 1737 1734 majorum
1793 1659 2131 1717 utebantur.
2226 1655 2385 1729 Quid
2447 1674 2587 1731 ergo
2639 1654 2812 1729 judi-

560 1744 814 1803 candum
861 1752 952 1805 est
997 1747 1069 1805 de
1115 1747 1227 1805 hac
1275 1748 1718 1807 controversia?
1787 1748 1932 1820 nisi,
2005 1747 2161 1824 quod
2213 1748 2338 1820 jam
2383 1743 2551 1802 Beda
2606 1743 2814 1802 simile

558 1834 713 1893 dixit
776 1835 848 1892 de
897 1834 1091 1895 Scotis
1110 1882 1124 1909 ‚
1192 1838 1584 1914 permansisse
1645 1838 1801 1895 hunc
1862 1834 2245 1914 computandi
2304 1834 2442 1892 festi
2500 1833 2811 1911 paschalis

554 1944 777 1982 morem
839 1925 998 2001 apud
1058 1925 1337 1984 Britones
1397 1935 1629 2006 „utpote
1671 1925 1875 2007 quibus
1928 1922 2091 2006 lonye
2141 1920 2299 1983 ultra
2354 1920 2551 1982 orbem
2589 1919 2811 2000 positis

552 2031 718 2071 nemo
778 2010 1086 2091 synodalia
1134 1987 1437 2094 paschalis
1506 2014 1894 2075 observantiae
1961 2013 2186 2074 decreta
2240 2009 2642 2091 poweoeisseffi‘
2701 2013 2807 2087 (cf.

555 2102 722 2159 Beda
768 2102 824 2159 h.
873 2123 919 2162 e.
970 2104 1024 2176 3,
1076 2103 1177 2177 25,
1226 2105 1261 2181 ξ
1310 2106 1480 2182 233).
1575 2106 1747 2179 Quod
1794 2106 2061 2182 profecto
2118 2102 2338 2161 nemini
2393 2101 2607 2159 mirum
2663 2101 2806 2173 erit,

555 2190 657 2267 qui
704 2210 900 2249 secum
946 2194 1339 2270 reputaverit,
1399 2215 1573 2271 quam
1622 2194 1864 2253 difficile
1910 2202 2053 2253 tunc
2098 2192 2282 2250 fuerit
2324 2191 2485 2250 inter
2528 2191 2806 2250 homines

553 2282 992 2339 commercium·
1069 2282 1198 2362 Ipsi
1230 2283 1445 2342 aetatis
1477 2284 1636 2342 illius
1667 2284 1933 2343 homines
1979 2282 2094 2342 sibi
2141 2280 2359 2340 conscii
2404 2286 2576 2338 erant
2620 2279 2804 2338 nimis

553 2370 755 2428 multis
802 2377 865 2430 et
917 2372 1146 2448 magnis
1203 2372 1653 2432 difficultatibus
1710 2375 2076 2432 obstructam
2136 2391 2260 2431 esse
2322 2369 2667 2428 concordem
2730 2369 2802 2426 in

552 2458 829 2518 universa
862 2461 1105 2520 ecclesia
1151 2462 1288 2520 festi
1333 2462 1627 2539 paschalis
1673 2462 2145 2521 celebrationem.
2205 2459 2356 2517 Inde
2402 2458 2528 2517 fieri
2576 2458 2799 2536 potuit,

550 2553 620 2607 ut
663 2549 884 2626 passim
931 2550 1036 2625 (H.
1084 2550 1202 2608 and
1248 2549 1336 2610 St.
1384 2551 1470 2624 H,
1500 2554 1554 2621 ,1
1605 2574 1665 2630 p.
1718 2554 1842 2610 100
1889 2558 2012 2611 not.
2060 2554 2119 2627 a)
2166 2549 2230 2608 in
2276 2548 2521 2608 ecclesia
2567 2547 2798 2606 dissen-

552 2637 745 2697 siones
791 2638 1115 2697 existerent
1160 2640 1232 2697 de
1278 2646 1545 2718 tempore
1599 2641 1737 2701 festi
1782 2640 2076 2720 paschalis
2117 2659 2312 2715 neque
2369 2637 2543 2696 simul
2588 2637 2799 2697 statim

551 2726 803 2785 schisma
864 2734 1148 2787 oreretur.
1240 2728 1448 2806 Neque
1511 2731 1687 2790 aliter
1754 2730 1816 2789 in
1879 2728 2081 2789 Gallia
2149 2748 2244 2788 res
2314 2747 2439 2787 sese
2513 2726 2791 2786 habebat.

549 2816 641 2876 Ne
686 2815 941 2893 amplius
996 2817 1121 2876 dies
1178 2818 1316 2878 festi
1376 2819 1670 2896 paschalis
1728 2825 1930 2897 posset
1975 2817 2177 2878 vocari
2233 2818 2297 2876 in
2358 2815 2792 2876 dubitationem

551 2905 796 2963 concilio
857 2904 1271 2966 Aurelianensi
1336 2929 1471 2967 ann.
1531 2908 1651 2967 541
1722 2909 1872 2984 (can.
1929 2907 2040 2981 IV,
2106 2910 2134 2965 1
2187 2907 2266 2965 Η.
2314 2906 2432 2965 and
2479 2904 2567 2964 St.
2613 2905 2700 2979 Π,
2753 2906 2783 2962 1

548 3014 607 3072 p.
658 2993 766 3069 75)
813 2994 1056 3072 placuit,
1102 3004 1166 3054 ut
1210 3006 1472 3057 sanetum
1503 2993 1735 3077 paseha
1780 2995 2097 3056 secundum
2149 2991 2491 3055 laterculum
2555 2989 2798 3053 Victorii

545 3080 624 3140 ab
668 3081 930 3143 omnibus
974 3084 1362 3146 ‚sacerdotibus
1405 3106 1521 3145 uno
1573 3095 1826 3170 tempore
1878 3083 2257 3145 celebraretur
2302 3127 2316 3143 .
2362 3128 2378 3143 .
2425 3082 2499 3143 de
2541 3103 2657 3165 qua
2699 3102 2789 3142 80-

548 3168 811 3231 lermitate
839 3171 1055 3253 quoties
1086 3171 1310 3255 aliquid
1339 3173 1714 3247 dubitaretur,
1744 3174 2016 3257 inquisita
2060 3171 2148 3233 vel
2193 3171 2390 3254 aquita
2423 3191 2541 3251 per
2584 3180 2792 3233 metro·

533 3256 832 3340 politanas
861 3282 901 3319 a
931 3261 1063 3323 sede
1093 3261 1410 3345 apostoliea
1447 3284 1618 3324 saera
1656 3263 1974 3324 constitutio
2011 3271 2305 3323 tevwretur.
2393 3262 2788 3324 Nihilosecius

547 3350 716 3409 annis
751 3350 874 3408 577
911 3357 971 3410 et
1005 3352 1131 3410 590
1163 3354 1379 3412 iterum
1411 3354 1484 3411 de
1532 3354 1731 3413 eadem
1780 3375 1844 3412 re
1889 3359 2022 3413 orta
2070 3359 2159 3412 est
2204 3351 2515 3424 dissensi03
2559 3348 2787 3424 Latini,

546 3438 744 3514 inquit
790 3438 1116 3518 Gregorius
1165 3442 1496 3501 Turonenis
1544 3443 1745 3501 eodem
1801 3444 1956 3515 1000,
2018 3446 2183 3518 cujus
2237 3446 2470 3520 partem
2526 3442 2784 3520 priorem

546 3548 726 3605 supra
772 3531 1354 3590 commemoravimus
1413 3532 1493 3607 (11.
1544 3553 1590 3590 e.
1637 3532 1713 3606 V,
1776 3534 1873 3590 17.
1920 3532 1998 3590 H.
2046 3532 2163 3591 and
2211 3530 2297 3589 St.
2344 3530 2432 3604 ΙΙ,
2485 3533 2512 3588 1
2566 3553 2623 3608 p.
2673 3528 2785 3605 77)

547 3618 998 3679 celebraverunt
1042 3618 1213 3679 lunae
1256 3618 1534 3700 viyesima
1577 3620 1846 3681 secunda.
1942 3617 2031 3681 Ob
2074 3617 2182 3679 hoe
2212 3620 2357 3696 (scil.
2391 3620 2549 3697 quod
2580 3620 2785 3680 Victo-

545 3707 668 3766 rius
723 3709 897 3767 lunae
954 3709 1178 3767 decima
1238 3710 1447 3785 quinta
1502 3710 1720 3786 pascha
1775 3710 2012 3789 scripsit
2063 3708 2194 3768 fieri
2248 3710 2319 3767 cf.
2365 3714 2567 3810 supra)
2613 3704 2791 3767 multi

543 3793 607 3854 in
656 3790 861 3858 Gallia
907 3796 1133 3857 deec'ma
1186 3796 1388 3879 quinta
1442 3794 1878 3859 celebraverunt.
1970 3785 2104 3858 Noe
2148 3807 2341 3858 autem
2384 3795 2657 3878 viyesima
2700 3816 2778 3856 se-

544 3884 756 3949 cunda.
849 3888 1085 3959 Nonne,
1156 3886 1269 3945 etsi
1324 3887 1472 3944 illud
1531 3885 1601 3945 ob
1653 3884 1760 3947 hoe
1816 3889 1952 3946 huic
2010 3887 2289 3989 opinioni
2333 3908 2453 3946 non
2514 3889 2780 3965 quadrat,

543 3976 860 4035 verisimile
908 3981 998 4034 est
1042 3931 1175 4034 illos
1223 3972 1523 4047 „multos⁶⁶
1570 3976 1716 4035 alios
1772 3998 1889 4036 non
1943 3977 2124 4037 fuisse
2179 3977 2294 4037 11181
2338 3976 2619 4038 Britones
2662 3976 2780 4036 Ar·

543 4066 899 4136 moricanos,
962 4083 1212 4139 quorum
1267 4064 1608 4142 provinciae
1680 4067 1891 4125 civitas
1963 4066 2325 4126 Turonensis
2396 4074 2527 4126 erat
2589 4067 2782 4127 vicina

543 4153 648 4228 (H.
695 4152 812 4211 and
859 4151 945 4211 St.
994 4151 1081 4226 II,
1135 4155 1161 4210 1
1216 4175 1275 4231 p.
1313 4156 1393 4211 77
1438 4160 1562 4212 not.
1594 4154 1696 4231 a)‘?
1741 4155 2056 4214 Britonum
2103 4156 2256 4216 enim
2303 4175 2465 4214 more
2511 4156 2781 4234 congruit

542 4241 769 4300 decima
830 4241 1039 4316 quinta
1098 4242 1272 4301 lunae
1334 4242 1663 4317 celebrare,
1732 4250 1793 4303 et
1851 4245 2017 4304 ullud
2076 4244 2189 4318 „ob
2247 4242 2397 4303 hoc⁶⁶
2458 4244 2781 4324 Gregorius

541 4349 775 4388 causam
829 4329 1041 4389 afferre
1098 4332 1337 4410 cupiens
1396 4333 1467 4390 de
1523 4332 1645 4391 suis
1706 4334 1955 4393 addidit.
2047 4336 2179 4409 Qua
2225 4334 2284 4392 iu
2331 4354 2396 4392 re
2440 4336 2502 4395 id
2547 4334 2779 4414 potissi-
