<?xml version="1.0" encoding="UTF-8"?>
<!DOCTYPE html PUBLIC "-//W3C//DTD XHTML 1.0 Transitional//EN"
    "http://www.w3.org/TR/xhtml1/DTD/xhtml1-transitional.dtd">
<html xmlns="http://www.w3.org/1999/xhtml" xml:lang="en" lang="en">
 <head>
  <title>
</title>
<meta http-equiv="Content-Type" content="text/html;charset=utf-8" />
  <meta name='ocr-system' content='tesseract 3.04.00' />
  <meta name='ocr-capabilities' content='ocr_page ocr_carea ocr_par ocr_line ocrx_word'/>
</head>
<body>
  <div class='ocr_page' id='page_1' title='image "./deantiquabriton00loofgoog_0056.png"; bbox 0 0 3025 4909; ppageno 0'>
   <div class='ocr_carea' id='block_1_1' title="bbox 1457 189 1895 247">
    <p class='ocr_par' dir='ltr' id='par_1_1' title="bbox 1457 189 1895 247">
     <span class='ocr_line' id='line_1_1' title="bbox 1457 189 1895 247; baseline -0.002 -13"><span class='ocrx_word' id='word_1_1' title='bbox 1457 189 1895 247; x_wconf 50' lang='grc'><strong>,50-</strong></span> 
     </span>
    </p>
   </div>
   <div class='ocr_carea' id='block_1_2' title="bbox 547 365 2862 4101">
    <p class='ocr_par' dir='ltr' id='par_1_2' title="bbox 556 365 2862 1608">
     <span class='ocr_line' id='line_1_2' title="bbox 560 365 2860 446; baseline -0.003 -16"><span class='ocrx_word' id='word_1_2' title='bbox 560 374 630 430; x_wconf 85' lang='lat' dir='ltr'>ut</span> <span class='ocrx_word' id='word_1_3' title='bbox 670 366 897 446; x_wconf 80' lang='lat' dir='ltr'>opinor,</span> <span class='ocrx_word' id='word_1_4' title='bbox 943 388 979 426; x_wconf 88' lang='lat' dir='ltr'>a</span> <span class='ocrx_word' id='word_1_5' title='bbox 1009 365 1273 428; x_wconf 85' lang='lat' dir='ltr'>Patricio</span> <span class='ocrx_word' id='word_1_6' title='bbox 1320 367 1480 428; x_wconf 85' lang='lat' dir='ltr'>dicta</span> <span class='ocrx_word' id='word_1_7' title='bbox 1528 389 1653 428; x_wconf 86' lang='lat' dir='ltr'>esse</span> <span class='ocrx_word' id='word_1_8' title='bbox 1699 374 1955 429; x_wconf 89' lang='lat' dir='ltr'>testatur</span> <span class='ocrx_word' id='word_1_9' title='bbox 1989 368 2374 442; x_wconf 79' lang='lat' dir='ltr'>Tirechanus,</span> <span class='ocrx_word' id='word_1_10' title='bbox 2420 367 2577 428; x_wconf 89' lang='lat' dir='ltr'>haec</span> <span class='ocrx_word' id='word_1_11' title='bbox 2629 367 2860 427; x_wconf 82' lang='lat' dir='ltr'>adhuc</span> 
     </span>
     <span class='ocr_line' id='line_1_3' title="bbox 558 456 2862 533; baseline -0.002 -13"><span class='ocrx_word' id='word_1_12' title='bbox 558 456 759 530; x_wconf 80' lang='lat' dir='ltr'>hodie,</span> <span class='ocrx_word' id='word_1_13' title='bbox 819 456 1093 533; x_wconf 81' lang='lat' dir='ltr'>quamvis</span> <span class='ocrx_word' id='word_1_14' title='bbox 1134 456 1407 516; x_wconf 87' lang='lat' dir='ltr'>mutilata</span> <span class='ocrx_word' id='word_1_15' title='bbox 1454 458 1578 518; x_wconf 87' lang='lat' dir='ltr'>sint</span> <span class='ocrx_word' id='word_1_16' title='bbox 1622 459 1740 532; x_wconf 85' lang='lat' dir='ltr'>vel,</span> <span class='ocrx_word' id='word_1_17' title='bbox 1804 459 1855 517; x_wconf 86' lang='lat' dir='ltr'>si</span> <span class='ocrx_word' id='word_1_18' title='bbox 1900 458 2115 532; x_wconf 80' lang='lat' dir='ltr'>mavis,</span> <span class='ocrx_word' id='word_1_19' title='bbox 2176 479 2293 518; x_wconf 90' lang='lat' dir='ltr'>nou</span> <span class='ocrx_word' id='word_1_20' title='bbox 2340 464 2523 518; x_wconf 83' lang='lat' dir='ltr'>aucta</span> <span class='ocrx_word' id='word_1_21' title='bbox 2571 463 2862 518; x_wconf 73' lang='lat' dir='ltr'>exstant</span> 
     </span>
     <span class='ocr_line' id='line_1_4' title="bbox 560 542 2858 630; baseline 0 -25"><span class='ocrx_word' id='word_1_22' title='bbox 560 547 621 607; x_wconf 90' lang='lat' dir='ltr'>in</span> <span class='ocrx_word' id='word_1_23' title='bbox 669 546 924 624; x_wconf 83' lang='lat' dir='ltr'>epistula</span> <span class='ocrx_word' id='word_1_24' title='bbox 969 548 1052 622; x_wconf 83' lang='lat'>(9.</span> <span class='ocrx_word' id='word_1_25' title='bbox 1093 568 1151 625; x_wconf 88' lang='lat' dir='ltr'>p.</span> <span class='ocrx_word' id='word_1_26' title='bbox 1187 547 1368 623; x_wconf 79' lang='lat'>318)=</span> <span class='ocrx_word' id='word_1_27' title='bbox 1437 542 1572 607; x_wconf 80' lang='lat' dir='ltr'>Deo</span> <span class='ocrx_word' id='word_1_28' title='bbox 1622 546 1876 628; x_wconf 58' lang='lat' dir='ltr'>qratia&amp;</span> <span class='ocrx_word' id='word_1_29' title='bbox 1943 547 2233 609; x_wconf 73' lang='lat' dir='ltr'>credente-3</span> <span class='ocrx_word' id='word_1_30' title='bbox 2286 556 2338 608; x_wconf 66' lang='lat' dir='ltr'>a</span> <span class='ocrx_word' id='word_1_31' title='bbox 2394 546 2701 630; x_wconf 72' lang='lat' dir='ltr'>baptizati</span> <span class='ocrx_word' id='word_1_32' title='bbox 2761 545 2858 606; x_wconf 73' lang='lat' dir='ltr'>de</span> 
     </span>
     <span class='ocr_line' id='line_1_5' title="bbox 558 632 2857 716; baseline -0.001 -18"><span class='ocrx_word' id='word_1_33' title='bbox 558 632 787 698; x_wconf 71' lang='lat' dir='ltr'>saeculo</span> <span class='ocrx_word' id='word_1_34' title='bbox 840 633 1171 696; x_wconf 62' lang='lat' dir='ltr'>recessi-setis</span> <span class='ocrx_word' id='word_1_35' title='bbox 1223 634 1308 695; x_wconf 81' lang='lat' dir='ltr'>ad</span> <span class='ocrx_word' id='word_1_36' title='bbox 1353 635 1732 716; x_wconf 73' lang='lat' dir='ltr'>paradisum.</span> <span class='ocrx_word' id='word_1_37' title='bbox 1823 637 1983 712; x_wconf 77' lang='lat' dir='ltr'>Quin</span> <span class='ocrx_word' id='word_1_38' title='bbox 2045 638 2225 698; x_wconf 87' lang='lat' dir='ltr'>etiam</span> <span class='ocrx_word' id='word_1_39' title='bbox 2288 657 2438 715; x_wconf 87' lang='lat' dir='ltr'>quae</span> <span class='ocrx_word' id='word_1_40' title='bbox 2503 638 2569 696; x_wconf 88' lang='lat' dir='ltr'>in</span> <span class='ocrx_word' id='word_1_41' title='bbox 2641 637 2857 696; x_wconf 71' lang='lat' dir='ltr'>dictis</span> 
     </span>
     <span class='ocr_line' id='line_1_6' title="bbox 558 725 2852 804; baseline -0 -18"><span class='ocrx_word' id='word_1_42' title='bbox 558 725 675 786; x_wconf 89' lang='lat' dir='ltr'>illis</span> <span class='ocrx_word' id='word_1_43' title='bbox 722 730 1051 803; x_wconf 88' lang='lat' dir='ltr'>sequuntur</span> <span class='ocrx_word' id='word_1_44' title='bbox 1096 725 1318 803; x_wconf 88' lang='lat' dir='ltr'>optime</span> <span class='ocrx_word' id='word_1_45' title='bbox 1365 726 1659 801; x_wconf 74' lang='lat' dir='ltr'>quadrare</span> <span class='ocrx_word' id='word_1_46' title='bbox 1690 726 1968 788; x_wconf 88' lang='lat' dir='ltr'>videntur</span> <span class='ocrx_word' id='word_1_47' title='bbox 2011 727 2101 800; x_wconf 90' lang='lat' dir='ltr'>iis,</span> <span class='ocrx_word' id='word_1_48' title='bbox 2148 747 2300 804; x_wconf 88' lang='lat' dir='ltr'>quae</span> <span class='ocrx_word' id='word_1_49' title='bbox 2348 733 2852 790; x_wconf 69' lang='lat' dir='ltr'>commemorato</span> 
     </span>
     <span class='ocr_line' id='line_1_7' title="bbox 559 814 2852 894; baseline -0.002 -16"><span class='ocrx_word' id='word_1_50' title='bbox 559 814 849 894; x_wconf 72' lang='lat' dir='ltr'>epistulae</span> <span class='ocrx_word' id='word_1_51' title='bbox 907 815 1034 873; x_wconf 90' lang='lat' dir='ltr'>loco</span> <span class='ocrx_word' id='word_1_52' title='bbox 1090 814 1387 874; x_wconf 74' lang='lat' dir='ltr'><strong>Patricius</strong></span> <span class='ocrx_word' id='word_1_53' title='bbox 1443 815 1725 876; x_wconf 77' lang='lat' dir='ltr'><strong>disseruit</strong></span> <span class='ocrx_word' id='word_1_54' title='bbox 1778 816 2082 876; x_wconf 85' lang='lat' dir='ltr'>affirmans</span> <span class='ocrx_word' id='word_1_55' title='bbox 2145 836 2208 875; x_wconf 87' lang='lat' dir='ltr'>se</span> <span class='ocrx_word' id='word_1_56' title='bbox 2262 836 2442 876; x_wconf 89' lang='lat' dir='ltr'>unum</span> <span class='ocrx_word' id='word_1_57' title='bbox 2504 817 2852 894; x_wconf 82' lang='lat' dir='ltr'>baptisma</span> 
     </span>
     <span class='ocr_line' id='line_1_8' title="bbox 559 904 2850 983; baseline 0 -20"><span class='ocrx_word' id='word_1_58' title='bbox 559 911 620 966; x_wconf 84' lang='lat' dir='ltr'>et</span> <span class='ocrx_word' id='word_1_59' title='bbox 665 924 844 964; x_wconf 91' lang='lat' dir='ltr'>unum</span> <span class='ocrx_word' id='word_1_60' title='bbox 893 904 1066 962; x_wconf 89' lang='lat' dir='ltr'>deum</span> <span class='ocrx_word' id='word_1_61' title='bbox 1112 904 1356 977; x_wconf 88' lang='lat' dir='ltr'>habere,</span> <span class='ocrx_word' id='word_1_62' title='bbox 1405 906 1682 978; x_wconf 87' lang='lat' dir='ltr'>eundem,</span> <span class='ocrx_word' id='word_1_63' title='bbox 1731 926 1906 983; x_wconf 91' lang='lat' dir='ltr'>quem</span> <span class='ocrx_word' id='word_1_64' title='bbox 1953 906 2056 965; x_wconf 88' lang='lat' dir='ltr'>alii</span> <span class='ocrx_word' id='word_1_65' title='bbox 2101 904 2444 966; x_wconf 82' lang='lat' dir='ltr'>Christiani.</span> <span class='ocrx_word' id='word_1_66' title='bbox 2539 905 2634 965; x_wconf 80' lang='lat' dir='ltr'>Et</span> <span class='ocrx_word' id='word_1_67' title='bbox 2688 906 2850 983; x_wconf 81' lang='lat' dir='ltr'>quis</span> 
     </span>
     <span class='ocr_line' id='line_1_9' title="bbox 558 990 2854 1071; baseline -0 -18"><span class='ocrx_word' id='word_1_68' title='bbox 558 993 776 1054; x_wconf 87' lang='lat' dir='ltr'>audeat</span> <span class='ocrx_word' id='word_1_69' title='bbox 836 992 1190 1052; x_wconf 72' lang='lat' dir='ltr'>contendere</span> <span class='ocrx_word' id='word_1_70' title='bbox 1256 1013 1389 1052; x_wconf 92' lang='lat' dir='ltr'>eum</span> <span class='ocrx_word' id='word_1_71' title='bbox 1451 995 1555 1071; x_wconf 91' lang='lat' dir='ltr'>qui</span> <span class='ocrx_word' id='word_1_72' title='bbox 1614 995 1688 1054; x_wconf 91' lang='lat' dir='ltr'>de</span> <span class='ocrx_word' id='word_1_73' title='bbox 1741 992 1955 1055; x_wconf 56' lang='lat' dir='ltr'>curibus</span> <span class='ocrx_word' id='word_1_74' title='bbox 2008 1002 2345 1055; x_wconf 71' lang='lat' dir='ltr'>sam-torum</span> <span class='ocrx_word' id='word_1_75' title='bbox 2388 990 2854 1054; x_wconf 68' lang='lat' dir='ltr'>Romanorum</span> 
     </span>
     <span class='ocr_line' id='line_1_10' title="bbox 559 1082 2847 1162; baseline -0 -20"><span class='ocrx_word' id='word_1_76' title='bbox 559 1082 917 1143; x_wconf 80' lang='lat' dir='ltr'>mentionem</span> <span class='ocrx_word' id='word_1_77' title='bbox 964 1082 1108 1142; x_wconf 87' lang='lat' dir='ltr'>fecit</span> <span class='ocrx_word' id='word_1_78' title='bbox 1153 1082 1295 1158; x_wconf 84' lang='lat' dir='ltr'>(vid.</span> <span class='ocrx_word' id='word_1_79' title='bbox 1328 1087 1559 1162; x_wconf 91' lang='lat' dir='ltr'>supra),</span> <span class='ocrx_word' id='word_1_80' title='bbox 1623 1104 1797 1161; x_wconf 91' lang='lat' dir='ltr'>quem</span> <span class='ocrx_word' id='word_1_81' title='bbox 1843 1085 2098 1161; x_wconf 89' lang='lat' dir='ltr'>aliquam</span> <span class='ocrx_word' id='word_1_82' title='bbox 2150 1104 2283 1143; x_wconf 91' lang='lat' dir='ltr'>cum</span> <span class='ocrx_word' id='word_1_83' title='bbox 2327 1083 2623 1143; x_wconf 83' lang='lat' dir='ltr'>Romanis</span> <span class='ocrx_word' id='word_1_84' title='bbox 2681 1104 2847 1143; x_wconf 84' lang='lat' dir='ltr'>con·</span> 
     </span>
     <span class='ocr_line' id='line_1_11' title="bbox 557 1170 2848 1251; baseline 0 -20"><span class='ocrx_word' id='word_1_85' title='bbox 557 1170 928 1232; x_wconf 77' lang='lat' dir='ltr'>suetudinem</span> <span class='ocrx_word' id='word_1_86' title='bbox 989 1171 1263 1232; x_wconf 78' lang='lat' dir='ltr'>habuisse</span> <span class='ocrx_word' id='word_1_87' title='bbox 1325 1179 1551 1232; x_wconf 87' lang='lat' dir='ltr'>certum</span> <span class='ocrx_word' id='word_1_88' title='bbox 1616 1178 1730 1246; x_wconf 83' lang='lat' dir='ltr'>est,</span> <span class='ocrx_word' id='word_1_89' title='bbox 1799 1194 1918 1233; x_wconf 90' lang='lat' dir='ltr'>non</span> <span class='ocrx_word' id='word_1_90' title='bbox 1978 1172 2243 1251; x_wconf 86' lang='lat' dir='ltr'>potuisse</span> <span class='ocrx_word' id='word_1_91' title='bbox 2304 1173 2567 1250; x_wconf 72' lang='lat' dir='ltr'>scribere</span> <span class='ocrx_word' id='word_1_92' title='bbox 2633 1173 2848 1232; x_wconf 81' lang='lat' dir='ltr'>illud:</span> 
     </span>
     <span class='ocr_line' id='line_1_12' title="bbox 556 1257 2848 1340; baseline 0 -18"><span class='ocrx_word' id='word_1_93' title='bbox 556 1257 832 1322; x_wconf 76' lang='lat' dir='ltr'>aecclesia</span> <span class='ocrx_word' id='word_1_94' title='bbox 862 1257 1172 1321; x_wconf 70' lang='lat' dir='ltr'>Scotorum</span> <span class='ocrx_word' id='word_1_95' title='bbox 1201 1259 1382 1321; x_wconf 82' lang='lat' dir='ltr'>immo</span> <span class='ocrx_word' id='word_1_96' title='bbox 1412 1258 1829 1322; x_wconf 72' lang='lat' dir='ltr'>Romanorum</span> <span class='ocrx_word' id='word_1_97' title='bbox 1859 1269 1969 1321; x_wconf 88' lang='lat' dir='ltr'>etc.</span> <span class='ocrx_word' id='word_1_98' title='bbox 2059 1263 2335 1340; x_wconf 82' lang='lat' dir='ltr'>Denique</span> <span class='ocrx_word' id='word_1_99' title='bbox 2375 1283 2497 1321; x_wconf 89' lang='lat' dir='ltr'>non</span> <span class='ocrx_word' id='word_1_100' title='bbox 2527 1263 2848 1322; x_wconf 86' lang='lat' dir='ltr'>omittam</span> 
     </span>
     <span class='ocr_line' id='line_1_13' title="bbox 557 1348 2844 1422; baseline -0.001 -10"><span class='ocrx_word' id='word_1_101' title='bbox 557 1371 1018 1412; x_wconf 82' lang='lat' dir='ltr'>commemorare</span> <span class='ocrx_word' id='word_1_102' title='bbox 1049 1350 1111 1408; x_wconf 89' lang='lat' dir='ltr'>in</span> <span class='ocrx_word' id='word_1_103' title='bbox 1136 1351 1331 1410; x_wconf 85' lang='lat' dir='ltr'>verbis</span> <span class='ocrx_word' id='word_1_104' title='bbox 1362 1350 1480 1410; x_wconf 91' lang='lat' dir='ltr'>illis</span> <span class='ocrx_word' id='word_1_105' title='bbox 1504 1349 1812 1422; x_wconf 75' lang='lat' dir='ltr'>„timorem</span> <span class='ocrx_word' id='word_1_106' title='bbox 1844 1350 1941 1411; x_wconf 77' lang='lat' dir='ltr'>dei</span> <span class='ocrx_word' id='word_1_107' title='bbox 1965 1348 2146 1411; x_wconf 77' lang='lat' dir='ltr'>habui</span> <span class='ocrx_word' id='word_1_108' title='bbox 2173 1350 2381 1413; x_wconf 63' lang='lat' dir='ltr'>ducem</span> <span class='ocrx_word' id='word_1_109' title='bbox 2411 1350 2680 1411; x_wconf 52' lang='lat' dir='ltr'>itinem&#39;ffl</span> <span class='ocrx_word' id='word_1_110' title='bbox 2710 1360 2844 1411; x_wconf 75' lang='lat' dir='ltr'>ete.</span> 
     </span>
     <span class='ocr_line' id='line_1_14' title="bbox 556 1438 2841 1519; baseline 0.001 -20"><span class='ocrx_word' id='word_1_111' title='bbox 556 1441 745 1519; x_wconf 82' lang='lat' dir='ltr'>ipsam</span> <span class='ocrx_word' id='word_1_112' title='bbox 791 1438 1047 1499; x_wconf 86' lang='lat' dir='ltr'>Patricii</span> <span class='ocrx_word' id='word_1_113' title='bbox 1092 1447 1347 1500; x_wconf 91' lang='lat' dir='ltr'>mentem</span> <span class='ocrx_word' id='word_1_114' title='bbox 1394 1440 1583 1499; x_wconf 86' lang='lat' dir='ltr'>videri</span> <span class='ocrx_word' id='word_1_115' title='bbox 1627 1441 1884 1518; x_wconf 88' lang='lat' dir='ltr'>spirare,</span> <span class='ocrx_word' id='word_1_116' title='bbox 1945 1461 2079 1500; x_wconf 90' lang='lat' dir='ltr'>nam</span> <span class='ocrx_word' id='word_1_117' title='bbox 2136 1440 2209 1500; x_wconf 89' lang='lat' dir='ltr'>de</span> <span class='ocrx_word' id='word_1_118' title='bbox 2264 1441 2478 1501; x_wconf 90' lang='lat' dir='ltr'>timore</span> <span class='ocrx_word' id='word_1_119' title='bbox 2534 1441 2637 1499; x_wconf 90' lang='lat' dir='ltr'>dei</span> <span class='ocrx_word' id='word_1_120' title='bbox 2688 1462 2841 1501; x_wconf 84' lang='lat' dir='ltr'>sae·</span> 
     </span>
     <span class='ocr_line' id='line_1_15' title="bbox 557 1528 1124 1608; baseline -0.009 -18"><span class='ocrx_word' id='word_1_121' title='bbox 557 1529 797 1608; x_wconf 85' lang='lat' dir='ltr'>pissime</span> <span class='ocrx_word' id='word_1_122' title='bbox 843 1528 1124 1606; x_wconf 89' lang='lat' dir='ltr'>loquitur.</span> 
     </span>
    </p>

    <p class='ocr_par' dir='ltr' id='par_1_3' title="bbox 556 1617 2835 2053">
     <span class='ocr_line' id='line_1_16' title="bbox 735 1617 2835 1696; baseline 0 -19"><span class='ocrx_word' id='word_1_123' title='bbox 735 1617 977 1678; x_wconf 83' lang='lat' dir='ltr'>Summa</span> <span class='ocrx_word' id='word_1_124' title='bbox 1022 1617 1207 1695; x_wconf 84' lang='lat' dir='ltr'>igitur</span> <span class='ocrx_word' id='word_1_125' title='bbox 1253 1623 1359 1691; x_wconf 85' lang='lat' dir='ltr'>est,</span> <span class='ocrx_word' id='word_1_126' title='bbox 1406 1618 1568 1696; x_wconf 88' lang='lat' dir='ltr'>quod</span> <span class='ocrx_word' id='word_1_127' title='bbox 1609 1619 1940 1679; x_wconf 73' lang='lat' dir='ltr'>Patricium</span> <span class='ocrx_word' id='word_1_128' title='bbox 1984 1639 2245 1695; x_wconf 87' lang='lat' dir='ltr'>unquam</span> <span class='ocrx_word' id='word_1_129' title='bbox 2290 1619 2354 1677; x_wconf 91' lang='lat' dir='ltr'>in</span> <span class='ocrx_word' id='word_1_130' title='bbox 2385 1618 2572 1678; x_wconf 87' lang='lat' dir='ltr'>Italia</span> <span class='ocrx_word' id='word_1_131' title='bbox 2623 1620 2835 1678; x_wconf 82' lang='lat' dir='ltr'>fuisse</span> 
     </span>
     <span class='ocr_line' id='line_1_17' title="bbox 558 1707 2830 1786; baseline -0.002 -16"><span class='ocrx_word' id='word_1_132' title='bbox 558 1714 619 1770; x_wconf 84' lang='lat' dir='ltr'>et</span> <span class='ocrx_word' id='word_1_133' title='bbox 663 1707 925 1784; x_wconf 79' lang='lat' dir='ltr'>aliquam</span> <span class='ocrx_word' id='word_1_134' title='bbox 972 1727 1100 1765; x_wconf 91' lang='lat' dir='ltr'>cum</span> <span class='ocrx_word' id='word_1_135' title='bbox 1148 1707 1436 1767; x_wconf 84' lang='lat' dir='ltr'>Romanis</span> <span class='ocrx_word' id='word_1_136' title='bbox 1483 1708 1962 1768; x_wconf 79' lang='lat' dir='ltr'>consuetudinem</span> <span class='ocrx_word' id='word_1_137' title='bbox 2010 1708 2287 1768; x_wconf 83' lang='lat' dir='ltr'>habuisse</span> <span class='ocrx_word' id='word_1_138' title='bbox 2334 1708 2481 1767; x_wconf 84' lang='lat' dir='ltr'>mihi</span> <span class='ocrx_word' id='word_1_139' title='bbox 2528 1709 2830 1786; x_wconf 85' lang='lat' dir='ltr'>persuasi</span> 
     </span>
     <span class='ocr_line' id='line_1_18' title="bbox 558 1796 2828 1876; baseline 0 -21"><span class='ocrx_word' id='word_1_140' title='bbox 558 1798 809 1874; x_wconf 90' lang='lat' dir='ltr'>ideoque</span> <span class='ocrx_word' id='word_1_141' title='bbox 856 1817 1062 1856; x_wconf 88' lang='lat' dir='ltr'>censeo</span> <span class='ocrx_word' id='word_1_142' title='bbox 1104 1799 1239 1873; x_wconf 86' lang='lat' dir='ltr'>jure</span> <span class='ocrx_word' id='word_1_143' title='bbox 1285 1796 1539 1857; x_wconf 85' lang='lat' dir='ltr'>attribui</span> <span class='ocrx_word' id='word_1_144' title='bbox 1568 1797 1833 1858; x_wconf 79' lang='lat' dir='ltr'>Patricio</span> <span class='ocrx_word' id='word_1_145' title='bbox 1878 1819 2029 1876; x_wconf 90' lang='lat' dir='ltr'>quae</span> <span class='ocrx_word' id='word_1_146' title='bbox 2075 1797 2138 1856; x_wconf 89' lang='lat' dir='ltr'>in</span> <span class='ocrx_word' id='word_1_147' title='bbox 2186 1798 2344 1857; x_wconf 91' lang='lat' dir='ltr'>libro</span> <span class='ocrx_word' id='word_1_148' title='bbox 2375 1797 2828 1857; x_wconf 76' lang='lat' dir='ltr'>Ardmachano</span> 
     </span>
     <span class='ocr_line' id='line_1_19' title="bbox 556 1885 2825 1960; baseline 0 -13"><span class='ocrx_word' id='word_1_149' title='bbox 556 1891 793 1948; x_wconf 83' lang='lat' dir='ltr'>exstant</span> <span class='ocrx_word' id='word_1_150' title='bbox 838 1886 1032 1959; x_wconf 88' lang='lat' dir='ltr'>„dicta</span> <span class='ocrx_word' id='word_1_151' title='bbox 1064 1885 1368 1960; x_wconf 88' lang='lat' dir='ltr'>Patricii“,</span> <span class='ocrx_word' id='word_1_152' title='bbox 1413 1887 1554 1947; x_wconf 90' lang='lat' dir='ltr'>licet</span> <span class='ocrx_word' id='word_1_153' title='bbox 1600 1887 1914 1948; x_wconf 87' lang='lat' dir='ltr'>concedam</span> <span class='ocrx_word' id='word_1_154' title='bbox 1959 1908 2051 1946; x_wconf 91' lang='lat' dir='ltr'>me</span> <span class='ocrx_word' id='word_1_155' title='bbox 2099 1887 2342 1960; x_wconf 85' lang='lat' dir='ltr'>nescire,</span> <span class='ocrx_word' id='word_1_156' title='bbox 2390 1909 2468 1946; x_wconf 86' lang='lat' dir='ltr'>an</span> <span class='ocrx_word' id='word_1_157' title='bbox 2515 1889 2825 1947; x_wconf 86' lang='lat' dir='ltr'>nonnulla</span> 
     </span>
     <span class='ocr_line' id='line_1_20' title="bbox 557 1974 1758 2053; baseline 0 -18"><span class='ocrx_word' id='word_1_158' title='bbox 557 1977 618 2036; x_wconf 87' lang='lat' dir='ltr'>in</span> <span class='ocrx_word' id='word_1_159' title='bbox 665 1977 739 2035; x_wconf 90' lang='lat' dir='ltr'>iis</span> <span class='ocrx_word' id='word_1_160' title='bbox 788 1996 822 2034; x_wconf 89' lang='lat' dir='ltr'>a</span> <span class='ocrx_word' id='word_1_161' title='bbox 869 1974 1298 2053; x_wconf 85' lang='lat' dir='ltr'>posterioribus</span> <span class='ocrx_word' id='word_1_162' title='bbox 1344 1976 1576 2051; x_wconf 82' lang='lat' dir='ltr'>adjecta</span> <span class='ocrx_word' id='word_1_163' title='bbox 1621 1977 1758 2037; x_wconf 89' lang='lat' dir='ltr'>sint.</span> 
     </span>
    </p>

    <p class='ocr_par' dir='ltr' id='par_1_4' title="bbox 554 2064 2815 2499">
     <span class='ocr_line' id='line_1_21' title="bbox 734 2064 2815 2144; baseline 0 -21"><span class='ocrx_word' id='word_1_164' title='bbox 734 2064 901 2139; x_wconf 77' lang='lat' dir='ltr'>Quae</span> <span class='ocrx_word' id='word_1_165' title='bbox 958 2084 1087 2122; x_wconf 91' lang='lat' dir='ltr'>cum</span> <span class='ocrx_word' id='word_1_166' title='bbox 1144 2065 1233 2124; x_wconf 81' lang='lat' dir='ltr'>ita</span> <span class='ocrx_word' id='word_1_167' title='bbox 1286 2065 1433 2137; x_wconf 89' lang='lat' dir='ltr'>sint,</span> <span class='ocrx_word' id='word_1_168' title='bbox 1494 2066 1676 2125; x_wconf 87' lang='lat' dir='ltr'>etiam</span> <span class='ocrx_word' id='word_1_169' title='bbox 1728 2065 2028 2127; x_wconf 86' lang='lat' dir='ltr'>difficilior</span> <span class='ocrx_word' id='word_1_170' title='bbox 2085 2066 2333 2144; x_wconf 89' lang='lat' dir='ltr'>partim,</span> <span class='ocrx_word' id='word_1_171' title='bbox 2396 2067 2623 2143; x_wconf 86' lang='lat' dir='ltr'>partim</span> <span class='ocrx_word' id='word_1_172' title='bbox 2675 2067 2815 2125; x_wconf 89' lang='lat' dir='ltr'>sim-</span> 
     </span>
     <span class='ocr_line' id='line_1_22' title="bbox 555 2153 2814 2234; baseline 0 -21"><span class='ocrx_word' id='word_1_173' title='bbox 555 2153 766 2233; x_wconf 88' lang='lat' dir='ltr'>plicior</span> <span class='ocrx_word' id='word_1_174' title='bbox 807 2155 968 2212; x_wconf 83' lang='lat' dir='ltr'>facta</span> <span class='ocrx_word' id='word_1_175' title='bbox 1015 2157 1106 2212; x_wconf 91' lang='lat' dir='ltr'>est</span> <span class='ocrx_word' id='word_1_176' title='bbox 1152 2154 1421 2231; x_wconf 88' lang='lat' dir='ltr'>quaestio</span> <span class='ocrx_word' id='word_1_177' title='bbox 1466 2155 1571 2214; x_wconf 82' lang='lat' dir='ltr'>illa</span> <span class='ocrx_word' id='word_1_178' title='bbox 1615 2176 1797 2233; x_wconf 88' lang='lat' dir='ltr'>supra</span> <span class='ocrx_word' id='word_1_179' title='bbox 1843 2159 1923 2234; x_wconf 89' lang='lat' dir='ltr'>(p.</span> <span class='ocrx_word' id='word_1_180' title='bbox 1975 2157 2086 2233; x_wconf 85' lang='lat'>31)</span> <span class='ocrx_word' id='word_1_181' title='bbox 2132 2156 2459 2234; x_wconf 85' lang='lat' dir='ltr'>proposita,</span> <span class='ocrx_word' id='word_1_182' title='bbox 2509 2176 2814 2231; x_wconf 86' lang='lat' dir='ltr'>quaenam</span> 
     </span>
     <span class='ocr_line' id='line_1_23' title="bbox 555 2242 2814 2322; baseline -0 -18"><span class='ocrx_word' id='word_1_183' title='bbox 555 2244 710 2304; x_wconf 84' lang='lat' dir='ltr'>ratio</span> <span class='ocrx_word' id='word_1_184' title='bbox 757 2243 1160 2304; x_wconf 86' lang='lat' dir='ltr'>intercesserit</span> <span class='ocrx_word' id='word_1_185' title='bbox 1214 2242 1374 2302; x_wconf 90' lang='lat' dir='ltr'>inter</span> <span class='ocrx_word' id='word_1_186' title='bbox 1418 2243 1747 2304; x_wconf 85' lang='lat' dir='ltr'>Patricium</span> <span class='ocrx_word' id='word_1_187' title='bbox 1793 2252 1855 2305; x_wconf 90' lang='lat' dir='ltr'>et</span> <span class='ocrx_word' id='word_1_188' title='bbox 1898 2245 2254 2304; x_wconf 84' lang='lat' dir='ltr'>Palladium.</span> <span class='ocrx_word' id='word_1_189' title='bbox 2344 2243 2448 2303; x_wconf 87' lang='lat' dir='ltr'>Ad</span> <span class='ocrx_word' id='word_1_190' title='bbox 2494 2244 2655 2303; x_wconf 90' lang='lat' dir='ltr'>hanc</span> <span class='ocrx_word' id='word_1_191' title='bbox 2702 2245 2814 2322; x_wconf 80' lang='lat' dir='ltr'>igi·</span> 
     </span>
     <span class='ocr_line' id='line_1_24' title="bbox 554 2332 2814 2411; baseline -0.001 -17"><span class='ocrx_word' id='word_1_192' title='bbox 554 2341 655 2394; x_wconf 91' lang='lat' dir='ltr'>tur</span> <span class='ocrx_word' id='word_1_193' title='bbox 710 2333 1049 2394; x_wconf 88' lang='lat' dir='ltr'>solvendam</span> <span class='ocrx_word' id='word_1_194' title='bbox 1109 2332 1432 2393; x_wconf 84' lang='lat' dir='ltr'>redeamus.</span> <span class='ocrx_word' id='word_1_195' title='bbox 1525 2334 1714 2394; x_wconf 88' lang='lat' dir='ltr'>Varia</span> <span class='ocrx_word' id='word_1_196' title='bbox 1774 2335 2011 2394; x_wconf 88' lang='lat' dir='ltr'>ratione·</span> <span class='ocrx_word' id='word_1_197' title='bbox 2065 2354 2250 2411; x_wconf 91' lang='lat' dir='ltr'>usque</span> <span class='ocrx_word' id='word_1_198' title='bbox 2313 2333 2389 2393; x_wconf 89' lang='lat' dir='ltr'>ad</span> <span class='ocrx_word' id='word_1_199' title='bbox 2450 2333 2814 2393; x_wconf 82' lang='lat' dir='ltr'>hodiernum</span> 
     </span>
     <span class='ocr_line' id='line_1_25' title="bbox 556 2422 2034 2499; baseline -0.001 -17"><span class='ocrx_word' id='word_1_200' title='bbox 556 2424 709 2483; x_wconf 89' lang='lat' dir='ltr'>diem</span> <span class='ocrx_word' id='word_1_201' title='bbox 756 2443 883 2482; x_wconf 91' lang='lat' dir='ltr'>rem</span> <span class='ocrx_word' id='word_1_202' title='bbox 929 2422 1248 2499; x_wconf 84' lang='lat' dir='ltr'>explanare</span> <span class='ocrx_word' id='word_1_203' title='bbox 1295 2422 1649 2482; x_wconf 89' lang='lat' dir='ltr'>studuerunt</span> <span class='ocrx_word' id='word_1_204' title='bbox 1696 2423 1810 2483; x_wconf 83' lang='lat' dir='ltr'>viri</span> <span class='ocrx_word' id='word_1_205' title='bbox 1858 2423 2034 2483; x_wconf 89' lang='lat' dir='ltr'>docti.</span> 
     </span>
    </p>

    <p class='ocr_par' dir='ltr' id='par_1_5' title="bbox 551 2510 2818 3479">
     <span class='ocr_line' id='line_1_26' title="bbox 734 2510 2818 2590; baseline 0 -20"><span class='ocrx_word' id='word_1_206' title='bbox 734 2512 828 2570; x_wconf 85' lang='lat' dir='ltr'>Ac</span> <span class='ocrx_word' id='word_1_207' title='bbox 874 2510 1131 2590; x_wconf 85' lang='lat' dir='ltr'>primum</span> <span class='ocrx_word' id='word_1_208' title='bbox 1178 2510 1417 2587; x_wconf 88' lang='lat' dir='ltr'>quidem</span> <span class='ocrx_word' id='word_1_209' title='bbox 1463 2533 1560 2585; x_wconf 89' lang='lat' dir='ltr'>ea,</span> <span class='ocrx_word' id='word_1_210' title='bbox 1622 2531 1741 2590; x_wconf 88' lang='lat' dir='ltr'>qua</span> <span class='ocrx_word' id='word_1_211' title='bbox 1796 2533 1936 2572; x_wconf 88' lang='lat' dir='ltr'>usae</span> <span class='ocrx_word' id='word_1_212' title='bbox 1981 2512 2141 2572; x_wconf 87' lang='lat' dir='ltr'>vitae</span> <span class='ocrx_word' id='word_1_213' title='bbox 2185 2510 2440 2571; x_wconf 86' lang='lat' dir='ltr'>Patricii</span> <span class='ocrx_word' id='word_1_214' title='bbox 2500 2512 2818 2571; x_wconf 84' lang='lat' dir='ltr'>finxerunt</span> 
     </span>
     <span class='ocr_line' id='line_1_27' title="bbox 553 2598 2817 2677; baseline 0 -18"><span class='ocrx_word' id='word_1_215' title='bbox 553 2601 883 2662; x_wconf 88' lang='lat' dir='ltr'>Patricium</span> <span class='ocrx_word' id='word_1_216' title='bbox 947 2621 983 2657; x_wconf 85' lang='lat' dir='ltr'>a</span> <span class='ocrx_word' id='word_1_217' title='bbox 1042 2599 1212 2677; x_wconf 90' lang='lat' dir='ltr'>Papa</span> <span class='ocrx_word' id='word_1_218' title='bbox 1274 2599 1610 2660; x_wconf 84' lang='lat' dir='ltr'>Coelestino</span> <span class='ocrx_word' id='word_1_219' title='bbox 1671 2603 1766 2660; x_wconf 80' lang='lat' dir='ltr'>vel</span> <span class='ocrx_word' id='word_1_220' title='bbox 1828 2622 1864 2660; x_wconf 89' lang='lat' dir='ltr'>a</span> <span class='ocrx_word' id='word_1_221' title='bbox 1926 2599 2223 2660; x_wconf 79' lang='lat' dir='ltr'>Germano</span> <span class='ocrx_word' id='word_1_222' title='bbox 2289 2598 2817 2660; x_wconf 80' lang='lat' dir='ltr'>Autissiodorensi</span> 
     </span>
     <span class='ocr_line' id='line_1_28' title="bbox 554 2687 2814 2768; baseline -0.001 -18"><span class='ocrx_word' id='word_1_223' title='bbox 554 2691 863 2751; x_wconf 84' lang='lat' dir='ltr'>suffectum</span> <span class='ocrx_word' id='word_1_224' title='bbox 909 2708 1035 2747; x_wconf 89' lang='lat' dir='ltr'>esse</span> <span class='ocrx_word' id='word_1_225' title='bbox 1080 2689 1145 2746; x_wconf 91' lang='lat' dir='ltr'>in</span> <span class='ocrx_word' id='word_1_226' title='bbox 1189 2687 1384 2748; x_wconf 90' lang='lat' dir='ltr'>locum</span> <span class='ocrx_word' id='word_1_227' title='bbox 1428 2689 1713 2764; x_wconf 88' lang='lat' dir='ltr'>Palladii,</span> <span class='ocrx_word' id='word_1_228' title='bbox 1775 2690 1996 2768; x_wconf 90' lang='lat' dir='ltr'>quippe</span> <span class='ocrx_word' id='word_1_229' title='bbox 2053 2691 2156 2767; x_wconf 92' lang='lat' dir='ltr'>qui</span> <span class='ocrx_word' id='word_1_230' title='bbox 2210 2690 2431 2749; x_wconf 88' lang='lat' dir='ltr'>infecta</span> <span class='ocrx_word' id='word_1_231' title='bbox 2493 2711 2558 2748; x_wconf 91' lang='lat' dir='ltr'>re</span> <span class='ocrx_word' id='word_1_232' title='bbox 2607 2711 2814 2751; x_wconf 81' lang='lat' dir='ltr'>rever·</span> 
     </span>
     <span class='ocr_line' id='line_1_29' title="bbox 552 2777 2810 2855; baseline -0 -15"><span class='ocrx_word' id='word_1_233' title='bbox 552 2781 739 2840; x_wconf 88' lang='lat' dir='ltr'>tisset.</span> <span class='ocrx_word' id='word_1_234' title='bbox 833 2777 1010 2851; x_wconf 74' lang='lat' dir='ltr'>Quod</span> <span class='ocrx_word' id='word_1_235' title='bbox 1055 2777 1109 2836; x_wconf 91' lang='lat' dir='ltr'>si</span> <span class='ocrx_word' id='word_1_236' title='bbox 1152 2777 1238 2837; x_wconf 88' lang='lat' dir='ltr'>ita</span> <span class='ocrx_word' id='word_1_237' title='bbox 1283 2785 1454 2851; x_wconf 85' lang='lat' dir='ltr'>esset,</span> <span class='ocrx_word' id='word_1_238' title='bbox 1501 2779 1698 2851; x_wconf 90' lang='lat' dir='ltr'>nobis,</span> <span class='ocrx_word' id='word_1_239' title='bbox 1758 2785 1819 2837; x_wconf 88' lang='lat' dir='ltr'>et</span> <span class='ocrx_word' id='word_1_240' title='bbox 1863 2779 2004 2855; x_wconf 89' lang='lat' dir='ltr'>quia</span> <span class='ocrx_word' id='word_1_241' title='bbox 2050 2778 2419 2839; x_wconf 86' lang='lat' dir='ltr'>Coelestinus</span> <span class='ocrx_word' id='word_1_242' title='bbox 2466 2800 2586 2837; x_wconf 90' lang='lat' dir='ltr'>uno</span> <span class='ocrx_word' id='word_1_243' title='bbox 2645 2800 2810 2839; x_wconf 90' lang='lat' dir='ltr'>anno</span> 
     </span>
     <span class='ocr_line' id='line_1_30' title="bbox 553 2866 2808 2948; baseline -0.001 -18"><span class='ocrx_word' id='word_1_244' title='bbox 553 2877 690 2948; x_wconf 89' lang='lat' dir='ltr'>post</span> <span class='ocrx_word' id='word_1_245' title='bbox 734 2867 979 2927; x_wconf 87' lang='lat' dir='ltr'>missum</span> <span class='ocrx_word' id='word_1_246' title='bbox 1023 2866 1356 2926; x_wconf 85' lang='lat' dir='ltr'>Palladium</span> <span class='ocrx_word' id='word_1_247' title='bbox 1404 2889 1436 2926; x_wconf 94' lang='lat' dir='ltr'>e</span> <span class='ocrx_word' id='word_1_248' title='bbox 1480 2869 1609 2928; x_wconf 78' lang='lat' dir='ltr'>vita</span> <span class='ocrx_word' id='word_1_249' title='bbox 1656 2867 1803 2927; x_wconf 85' lang='lat' dir='ltr'>exiit</span> <span class='ocrx_word' id='word_1_250' title='bbox 1849 2875 1911 2927; x_wconf 90' lang='lat' dir='ltr'>et</span> <span class='ocrx_word' id='word_1_251' title='bbox 1957 2868 2098 2943; x_wconf 88' lang='lat' dir='ltr'>quia</span> <span class='ocrx_word' id='word_1_252' title='bbox 2127 2868 2427 2927; x_wconf 88' lang='lat' dir='ltr'>Patricius</span> <span class='ocrx_word' id='word_1_253' title='bbox 2475 2889 2633 2927; x_wconf 86' lang='lat' dir='ltr'>anno</span> <span class='ocrx_word' id='word_1_254' title='bbox 2676 2871 2808 2944; x_wconf 88' lang='lat' dir='ltr'>jam</span> 
     </span>
     <span class='ocr_line' id='line_1_31' title="bbox 555 2955 2811 3035; baseline -0 -18"><span class='ocrx_word' id='word_1_255' title='bbox 555 2956 682 3018; x_wconf 77' lang='lat'>432</span> <span class='ocrx_word' id='word_1_256' title='bbox 741 2957 804 3034; x_wconf 90' lang='lat' dir='ltr'>(i.</span> <span class='ocrx_word' id='word_1_257' title='bbox 861 2976 911 3015; x_wconf 87' lang='lat' dir='ltr'>e.</span> <span class='ocrx_word' id='word_1_258' title='bbox 966 2955 1221 3014; x_wconf 87' lang='lat' dir='ltr'>secundo</span> <span class='ocrx_word' id='word_1_259' title='bbox 1274 2957 1433 3034; x_wconf 87' lang='lat' dir='ltr'>regis</span> <span class='ocrx_word' id='word_1_260' title='bbox 1488 2956 1738 3035; x_wconf 80' lang='lat' dir='ltr'>Logairi</span> <span class='ocrx_word' id='word_1_261' title='bbox 1793 2961 1973 3035; x_wconf 89' lang='lat' dir='ltr'>anno)</span> <span class='ocrx_word' id='word_1_262' title='bbox 2030 2958 2093 3016; x_wconf 91' lang='lat' dir='ltr'>in</span> <span class='ocrx_word' id='word_1_263' title='bbox 2148 2957 2505 3016; x_wconf 88' lang='lat' dir='ltr'>Hiberniam</span> <span class='ocrx_word' id='word_1_264' title='bbox 2567 2959 2811 3017; x_wconf 88' lang='lat' dir='ltr'>venisse</span> 
     </span>
     <span class='ocr_line' id='line_1_32' title="bbox 551 3043 2812 3126; baseline -0.001 -19"><span class='ocrx_word' id='word_1_265' title='bbox 551 3046 815 3108; x_wconf 75' lang='lat' dir='ltr'>traditur</span> <span class='ocrx_word' id='word_1_266' title='bbox 846 3048 1070 3122; x_wconf 88' lang='lat' dir='ltr'>(annot.</span> <span class='ocrx_word' id='word_1_267' title='bbox 1103 3043 1335 3103; x_wconf 86' lang='lat' dir='ltr'>Tirech.</span> <span class='ocrx_word' id='word_1_268' title='bbox 1364 3046 1620 3105; x_wconf 89' lang='lat' dir='ltr'>Betham</span> <span class='ocrx_word' id='word_1_269' title='bbox 1649 3046 1720 3105; x_wconf 88' lang='lat' dir='ltr'><strong>H</strong></span> <span class='ocrx_word' id='word_1_270' title='bbox 1750 3068 1885 3126; x_wconf 86' lang='lat' dir='ltr'>app.</span> <span class='ocrx_word' id='word_1_271' title='bbox 1917 3068 1974 3125; x_wconf 85' lang='lat' dir='ltr'>p.</span> <span class='ocrx_word' id='word_1_272' title='bbox 2006 3046 2218 3123; x_wconf 85' lang='lat' dir='ltr'>XIX),</span> <span class='ocrx_word' id='word_1_273' title='bbox 2263 3047 2599 3125; x_wconf 89' lang='lat' dir='ltr'>putandum</span> <span class='ocrx_word' id='word_1_274' title='bbox 2648 3053 2812 3105; x_wconf 90' lang='lat' dir='ltr'>esset</span> 
     </span>
     <span class='ocr_line' id='line_1_33' title="bbox 551 3135 2807 3212; baseline -0 -18"><span class='ocrx_word' id='word_1_275' title='bbox 551 3135 889 3196; x_wconf 89' lang='lat' dir='ltr'>Palladium</span> <span class='ocrx_word' id='word_1_276' title='bbox 945 3153 1018 3191; x_wconf 91' lang='lat' dir='ltr'>ne</span> <span class='ocrx_word' id='word_1_277' title='bbox 1074 3153 1257 3193; x_wconf 90' lang='lat' dir='ltr'>unum</span> <span class='ocrx_word' id='word_1_278' title='bbox 1302 3135 1540 3211; x_wconf 88' lang='lat' dir='ltr'>quidem</span> <span class='ocrx_word' id='word_1_279' title='bbox 1584 3135 1885 3212; x_wconf 82' lang='lat' dir='ltr'>integrum</span> <span class='ocrx_word' id='word_1_280' title='bbox 1942 3155 2162 3194; x_wconf 89' lang='lat' dir='ltr'>annum</span> <span class='ocrx_word' id='word_1_281' title='bbox 2212 3135 2276 3193; x_wconf 88' lang='lat' dir='ltr'>in</span> <span class='ocrx_word' id='word_1_282' title='bbox 2320 3135 2620 3194; x_wconf 87' lang='lat' dir='ltr'>Hibernia</span> <span class='ocrx_word' id='word_1_283' title='bbox 2677 3156 2807 3194; x_wconf 82' lang='lat' dir='ltr'>mo·</span> 
     </span>
     <span class='ocr_line' id='line_1_34' title="bbox 551 3222 2808 3303; baseline -0.001 -19"><span class='ocrx_word' id='word_1_284' title='bbox 551 3232 750 3286; x_wconf 87' lang='lat' dir='ltr'>ratum</span> <span class='ocrx_word' id='word_1_285' title='bbox 815 3243 956 3283; x_wconf 87' lang='lat' dir='ltr'>esse.</span> <span class='ocrx_word' id='word_1_286' title='bbox 1049 3222 1223 3297; x_wconf 77' lang='lat' dir='ltr'>Quod</span> <span class='ocrx_word' id='word_1_287' title='bbox 1285 3243 1418 3282; x_wconf 90' lang='lat' dir='ltr'>cum</span> <span class='ocrx_word' id='word_1_288' title='bbox 1477 3224 1716 3283; x_wconf 91' lang='lat' dir='ltr'>minime</span> <span class='ocrx_word' id='word_1_289' title='bbox 1787 3225 2042 3300; x_wconf 85' lang='lat' dir='ltr'>quadret</span> <span class='ocrx_word' id='word_1_290' title='bbox 2098 3224 2385 3303; x_wconf 86' lang='lat' dir='ltr'>Prosperi</span> <span class='ocrx_word' id='word_1_291' title='bbox 2445 3225 2808 3297; x_wconf 82' lang='lat' dir='ltr'>narrationi,</span> 
     </span>
     <span class='ocr_line' id='line_1_35' title="bbox 552 3312 2808 3393; baseline -0 -20"><span class='ocrx_word' id='word_1_292' title='bbox 552 3335 730 3391; x_wconf 87' lang='lat' dir='ltr'>quam</span> <span class='ocrx_word' id='word_1_293' title='bbox 783 3313 929 3372; x_wconf 84' lang='lat' dir='ltr'>vitis</span> <span class='ocrx_word' id='word_1_294' title='bbox 980 3312 1097 3371; x_wconf 91' lang='lat' dir='ltr'>fide</span> <span class='ocrx_word' id='word_1_295' title='bbox 1153 3313 1484 3390; x_wconf 84' lang='lat' dir='ltr'>digniorem</span> <span class='ocrx_word' id='word_1_296' title='bbox 1537 3333 1664 3373; x_wconf 89' lang='lat' dir='ltr'>esse</span> <span class='ocrx_word' id='word_1_297' title='bbox 1726 3334 1894 3373; x_wconf 92' lang='lat' dir='ltr'>nemo</span> <span class='ocrx_word' id='word_1_298' title='bbox 1940 3319 2123 3391; x_wconf 84' lang='lat' dir='ltr'>negat</span> <span class='ocrx_word' id='word_1_299' title='bbox 2169 3314 2312 3390; x_wconf 89' lang='lat' dir='ltr'>(vid.</span> <span class='ocrx_word' id='word_1_300' title='bbox 2342 3334 2527 3393; x_wconf 89' lang='lat' dir='ltr'>supra</span> <span class='ocrx_word' id='word_1_301' title='bbox 2569 3336 2629 3393; x_wconf 89' lang='lat' dir='ltr'>p.</span> <span class='ocrx_word' id='word_1_302' title='bbox 2666 3315 2808 3392; x_wconf 75' lang='lat'>31),</span> 
     </span>
     <span class='ocr_line' id='line_1_36' title="bbox 551 3401 1881 3479; baseline 0 -17"><span class='ocrx_word' id='word_1_303' title='bbox 551 3404 663 3462; x_wconf 91' lang='lat' dir='ltr'>hac</span> <span class='ocrx_word' id='word_1_304' title='bbox 708 3402 941 3461; x_wconf 87' lang='lat' dir='ltr'>ratione</span> <span class='ocrx_word' id='word_1_305' title='bbox 988 3401 1256 3478; x_wconf 86' lang='lat' dir='ltr'>quaestio</span> <span class='ocrx_word' id='word_1_306' title='bbox 1302 3402 1453 3461; x_wconf 89' lang='lat' dir='ltr'>solvi</span> <span class='ocrx_word' id='word_1_307' title='bbox 1497 3422 1618 3460; x_wconf 91' lang='lat' dir='ltr'>non</span> <span class='ocrx_word' id='word_1_308' title='bbox 1663 3408 1881 3479; x_wconf 84' lang='lat' dir='ltr'>potest.</span> 
     </span>
    </p>

    <p class='ocr_par' dir='ltr' id='par_1_6' title="bbox 547 3490 2803 4101">
     <span class='ocr_line' id='line_1_37' title="bbox 730 3490 2803 3568; baseline -0.001 -17"><span class='ocrx_word' id='word_1_309' title='bbox 730 3490 1006 3552; x_wconf 77' lang='lat' dir='ltr'>Alteram</span> <span class='ocrx_word' id='word_1_310' title='bbox 1052 3491 1239 3568; x_wconf 86' lang='lat' dir='ltr'>igitur</span> <span class='ocrx_word' id='word_1_311' title='bbox 1285 3491 1681 3552; x_wconf 84' lang='lat' dir='ltr'>examinemus</span> <span class='ocrx_word' id='word_1_312' title='bbox 1701 3535 1715 3564; x_wconf 90' lang='lat'>‚</span> <span class='ocrx_word' id='word_1_313' title='bbox 1761 3492 1990 3552; x_wconf 87' lang='lat' dir='ltr'>Varini.</span> <span class='ocrx_word' id='word_1_314' title='bbox 2082 3491 2344 3551; x_wconf 86' lang='lat' dir='ltr'>Varinus</span> <span class='ocrx_word' id='word_1_315' title='bbox 2391 3490 2550 3550; x_wconf 86' lang='lat' dir='ltr'>enim</span> <span class='ocrx_word' id='word_1_316' title='bbox 2598 3491 2803 3550; x_wconf 89' lang='lat' dir='ltr'>Palla-</span> 
     </span>
     <span class='ocr_line' id='line_1_38' title="bbox 551 3579 2802 3657; baseline -0.001 -15"><span class='ocrx_word' id='word_1_317' title='bbox 551 3582 714 3642; x_wconf 86' lang='lat' dir='ltr'>dium</span> <span class='ocrx_word' id='word_1_318' title='bbox 762 3602 964 3642; x_wconf 90' lang='lat' dir='ltr'>eorum</span> <span class='ocrx_word' id='word_1_319' title='bbox 1010 3579 1337 3652; x_wconf 85' lang='lat' dir='ltr'>Scotorum,</span> <span class='ocrx_word' id='word_1_320' title='bbox 1387 3580 1491 3657; x_wconf 91' lang='lat' dir='ltr'>qui</span> <span class='ocrx_word' id='word_1_321' title='bbox 1538 3580 1599 3637; x_wconf 92' lang='lat' dir='ltr'>in</span> <span class='ocrx_word' id='word_1_322' title='bbox 1644 3579 1970 3640; x_wconf 86' lang='lat' dir='ltr'>Albaniam</span> <span class='ocrx_word' id='word_1_323' title='bbox 2016 3581 2609 3657; x_wconf 80' lang='lat' dir='ltr'>transmigraverant,</span> <span class='ocrx_word' id='word_1_324' title='bbox 2656 3600 2802 3657; x_wconf 86' lang='lat' dir='ltr'>apo·-</span> 
     </span>
     <span class='ocr_line' id='line_1_39' title="bbox 551 3667 2802 3747; baseline -0.002 -16"><span class='ocrx_word' id='word_1_325' title='bbox 551 3672 768 3731; x_wconf 87' lang='lat' dir='ltr'>stolum</span> <span class='ocrx_word' id='word_1_326' title='bbox 821 3671 1004 3729; x_wconf 89' lang='lat' dir='ltr'>fuisse</span> <span class='ocrx_word' id='word_1_327' title='bbox 1060 3674 1260 3747; x_wconf 88' lang='lat' dir='ltr'>putat,</span> <span class='ocrx_word' id='word_1_328' title='bbox 1329 3668 1658 3728; x_wconf 90' lang='lat' dir='ltr'>Patricium</span> <span class='ocrx_word' id='word_1_329' title='bbox 1724 3667 2037 3729; x_wconf 84' lang='lat' dir='ltr'>Scotorum</span> <span class='ocrx_word' id='word_1_330' title='bbox 2096 3669 2427 3728; x_wconf 89' lang='lat' dir='ltr'>Hiberniae</span> <span class='ocrx_word' id='word_1_331' title='bbox 2481 3671 2682 3746; x_wconf 79' lang='lat' dir='ltr'>(mem.</span> <span class='ocrx_word' id='word_1_332' title='bbox 2741 3670 2802 3741; x_wconf 78' lang='lat'>2,</span> 
     </span>
     <span class='ocr_line' id='line_1_40' title="bbox 548 3755 2801 3840; baseline -0 -21"><span class='ocrx_word' id='word_1_333' title='bbox 548 3783 607 3840; x_wconf 79' lang='lat' dir='ltr'>p.</span> <span class='ocrx_word' id='word_1_334' title='bbox 653 3762 777 3820; x_wconf 80' lang='lat'>123</span> <span class='ocrx_word' id='word_1_335' title='bbox 822 3761 996 3837; x_wconf 84' lang='lat' dir='ltr'>sqq.).</span> <span class='ocrx_word' id='word_1_336' title='bbox 1100 3755 1191 3816; x_wconf 87' lang='lat' dir='ltr'>At</span> <span class='ocrx_word' id='word_1_337' title='bbox 1251 3756 1416 3817; x_wconf 83' lang='lat' dir='ltr'>Scoti</span> <span class='ocrx_word' id='word_1_338' title='bbox 1475 3758 1696 3835; x_wconf 90' lang='lat' dir='ltr'>ubique</span> <span class='ocrx_word' id='word_1_339' title='bbox 1758 3765 1819 3817; x_wconf 92' lang='lat' dir='ltr'>et</span> <span class='ocrx_word' id='word_1_340' title='bbox 1875 3759 2141 3837; x_wconf 83' lang='lat' dir='ltr'>proxime</span> <span class='ocrx_word' id='word_1_341' title='bbox 2210 3758 2597 3834; x_wconf 70' lang='lat' dir='ltr'>intellegendi</span> <span class='ocrx_word' id='word_1_342' title='bbox 2658 3764 2801 3818; x_wconf 86' lang='lat' dir='ltr'>sunt</span> 
     </span>
     <span class='ocr_line' id='line_1_41' title="bbox 549 3845 2796 3925; baseline -0.002 -16"><span class='ocrx_word' id='word_1_343' title='bbox 549 3850 879 3909; x_wconf 89' lang='lat' dir='ltr'>Hiberniae</span> <span class='ocrx_word' id='word_1_344' title='bbox 926 3846 1154 3905; x_wconf 80' lang='lat' dir='ltr'>insulae</span> <span class='ocrx_word' id='word_1_345' title='bbox 1201 3845 1455 3916; x_wconf 86' lang='lat' dir='ltr'>incolae,</span> <span class='ocrx_word' id='word_1_346' title='bbox 1501 3867 1695 3923; x_wconf 90' lang='lat' dir='ltr'>neque</span> <span class='ocrx_word' id='word_1_347' title='bbox 1742 3847 2028 3906; x_wconf 86' lang='lat' dir='ltr'>affirmari</span> <span class='ocrx_word' id='word_1_348' title='bbox 2073 3853 2273 3925; x_wconf 86' lang='lat' dir='ltr'>potest</span> <span class='ocrx_word' id='word_1_349' title='bbox 2318 3846 2604 3924; x_wconf 87' lang='lat' dir='ltr'>Prosperi</span> <span class='ocrx_word' id='word_1_350' title='bbox 2650 3854 2796 3907; x_wconf 82' lang='lat' dir='ltr'>tem-</span> 
     </span>
     <span class='ocr_line' id='line_1_42' title="bbox 547 3934 2796 4018; baseline -0.002 -20"><span class='ocrx_word' id='word_1_351' title='bbox 547 3940 793 4018; x_wconf 89' lang='lat' dir='ltr'>poribus</span> <span class='ocrx_word' id='word_1_352' title='bbox 859 3935 1097 3994; x_wconf 85' lang='lat' dir='ltr'>omnino</span> <span class='ocrx_word' id='word_1_353' title='bbox 1155 3934 1219 3992; x_wconf 91' lang='lat' dir='ltr'>in</span> <span class='ocrx_word' id='word_1_354' title='bbox 1278 3934 1545 3994; x_wconf 85' lang='lat' dir='ltr'>Albania</span> <span class='ocrx_word' id='word_1_355' title='bbox 1603 3934 1813 3996; x_wconf 85' lang='lat' dir='ltr'>Scotos</span> <span class='ocrx_word' id='word_1_356' title='bbox 1877 3938 2003 4010; x_wconf 85' lang='lat' dir='ltr'>jam</span> <span class='ocrx_word' id='word_1_357' title='bbox 2062 3936 2243 3996; x_wconf 87' lang='lat' dir='ltr'>fuisse</span> <span class='ocrx_word' id='word_1_358' title='bbox 2303 3936 2489 4012; x_wconf 89' lang='lat' dir='ltr'>(supr.</span> <span class='ocrx_word' id='word_1_359' title='bbox 2548 3957 2609 4013; x_wconf 81' lang='lat' dir='ltr'>p.</span> <span class='ocrx_word' id='word_1_360' title='bbox 2668 3937 2796 4010; x_wconf 80' lang='lat'>29).</span> 
     </span>
     <span class='ocr_line' id='line_1_43' title="bbox 549 4021 2799 4101; baseline -0.002 -15"><span class='ocrx_word' id='word_1_361' title='bbox 549 4027 874 4088; x_wconf 88' lang='lat' dir='ltr'>Praeterea</span> <span class='ocrx_word' id='word_1_362' title='bbox 931 4022 1304 4082; x_wconf 87' lang='lat' dir='ltr'>manifestum</span> <span class='ocrx_word' id='word_1_363' title='bbox 1352 4028 1442 4081; x_wconf 89' lang='lat' dir='ltr'>est</span> <span class='ocrx_word' id='word_1_364' title='bbox 1497 4043 1574 4080; x_wconf 87' lang='lat' dir='ltr'>ex</span> <span class='ocrx_word' id='word_1_365' title='bbox 1625 4023 1912 4101; x_wconf 88' lang='lat' dir='ltr'>Prosperi</span> <span class='ocrx_word' id='word_1_366' title='bbox 1965 4024 2162 4084; x_wconf 85' lang='lat' dir='ltr'>verbis</span> <span class='ocrx_word' id='word_1_367' title='bbox 2213 4022 2397 4095; x_wconf 74' lang='lat' dir='ltr'>„dum</span> <span class='ocrx_word' id='word_1_368' title='bbox 2451 4021 2799 4086; x_wconf 67' lang='lat' dir='ltr'>Romamn</span> 
     </span>
    </p>
   </div>
   <div class='ocr_carea' id='block_1_3' title="bbox 548 4107 2794 4192">
    <p class='ocr_par' dir='ltr' id='par_1_7' title="bbox 548 4107 2794 4192">
     <span class='ocr_line' id='line_1_44' title="bbox 548 4107 2794 4192; baseline -0.002 -18"><span class='ocrx_word' id='word_1_369' title='bbox 548 4112 805 4174; x_wconf 60' lang='lat' dir='ltr'>instabam</span> <span class='ocrx_word' id='word_1_370' title='bbox 848 4109 1037 4172; x_wconf 70' lang='lat' dir='ltr'>studet</span> <span class='ocrx_word' id='word_1_371' title='bbox 1079 4128 1310 4169; x_wconf 74' lang='lat' dir='ltr'>servare</span> <span class='ocrx_word' id='word_1_372' title='bbox 1363 4107 1705 4171; x_wconf 73' lang='lat' dir='ltr'>catholicam</span> <span class='ocrx_word' id='word_1_373' title='bbox 1751 4111 1901 4192; x_wconf 75' lang='lat' dir='ltr'>fecit</span> <span class='ocrx_word' id='word_1_374' title='bbox 1952 4110 2127 4171; x_wconf 67' lang='lat' dir='ltr'>ete&#39;czm</span> <span class='ocrx_word' id='word_1_375' title='bbox 2170 4110 2490 4174; x_wconf 80' lang='lat' dir='ltr'>barbaram</span> <span class='ocrx_word' id='word_1_376' title='bbox 2532 4109 2794 4172; x_wconf 71' lang='lat' dir='ltr'>clm-istiu-</span> 
     </span>
    </p>
   </div>
   <div class='ocr_carea' id='block_1_4' title="bbox 480 4189 2796 4281">
    <p class='ocr_par' dir='ltr' id='par_1_8' title="bbox 480 4189 2796 4281">
     <span class='ocr_line' id='line_1_45' title="bbox 480 4189 2796 4281; baseline -0.001 -19"><span class='ocrx_word' id='word_1_377' title='bbox 480 4259 497 4281; x_wconf 72' lang='lat'>,</span> <span class='ocrx_word' id='word_1_378' title='bbox 548 4210 733 4262; x_wconf 76' lang='lat' dir='ltr'>nam“</span> <span class='ocrx_word' id='word_1_379' title='bbox 794 4204 1000 4279; x_wconf 88' lang='lat' dir='ltr'>(supra</span> <span class='ocrx_word' id='word_1_380' title='bbox 1061 4220 1119 4278; x_wconf 82' lang='lat' dir='ltr'>p.</span> <span class='ocrx_word' id='word_1_381' title='bbox 1171 4189 1282 4275; x_wconf 83' lang='lat'>31)</span> <span class='ocrx_word' id='word_1_382' title='bbox 1344 4198 1705 4279; x_wconf 89' lang='lat' dir='ltr'>Prosperum</span> <span class='ocrx_word' id='word_1_383' title='bbox 1764 4197 2076 4264; x_wconf 85' lang='lat' dir='ltr'>Romanae</span> <span class='ocrx_word' id='word_1_384' title='bbox 2136 4201 2362 4260; x_wconf 88' lang='lat' dir='ltr'>insulae</span> <span class='ocrx_word' id='word_1_385' title='bbox 2421 4201 2796 4273; x_wconf 89' lang='lat' dir='ltr'>Britanniae,</span> 
     </span>
    </p>
   </div>
   <div class='ocr_carea' id='block_1_5' title="bbox 552 4287 2796 4370">
    <p class='ocr_par' dir='ltr' id='par_1_9' title="bbox 552 4287 2796 4370">
     <span class='ocr_line' id='line_1_46' title="bbox 552 4287 2796 4370; baseline -0 -18"><span class='ocrx_word' id='word_1_386' title='bbox 552 4295 720 4368; x_wconf 87' lang='lat' dir='ltr'>cujus</span> <span class='ocrx_word' id='word_1_387' title='bbox 780 4312 920 4370; x_wconf 89' lang='lat' dir='ltr'>pars</span> <span class='ocrx_word' id='word_1_388' title='bbox 981 4294 1110 4349; x_wconf 87' lang='lat' dir='ltr'>erat</span> <span class='ocrx_word' id='word_1_389' title='bbox 1170 4288 1351 4349; x_wconf 90' lang='lat' dir='ltr'>etiam</span> <span class='ocrx_word' id='word_1_390' title='bbox 1412 4288 1543 4367; x_wconf 87' lang='lat' dir='ltr'>ipsa</span> <span class='ocrx_word' id='word_1_391' title='bbox 1603 4287 1892 4365; x_wconf 84' lang='lat' dir='ltr'>Albania,</span> <span class='ocrx_word' id='word_1_392' title='bbox 1962 4292 2215 4351; x_wconf 89' lang='lat' dir='ltr'>alteram</span> <span class='ocrx_word' id='word_1_393' title='bbox 2268 4291 2612 4369; x_wconf 87' lang='lat' dir='ltr'>opposuisse</span> <span class='ocrx_word' id='word_1_394' title='bbox 2660 4292 2796 4350; x_wconf 84' lang='lat' dir='ltr'>bar·</span> 
     </span>
    </p>
   </div>
  </div>
 </body>
</html>
