3025 4909
1136 176 1579 233 —75-

183 351 580 413 ordinantes
611 398 623 411 .
660 397 673 412 .
705 397 717 411 .
754 397 768 411 .
800 352 1110 432 miserunt)
1157 361 1218 413 et
1262 353 1530 413 Finanus
1578 354 1682 429 (ib.
1716 355 1772 426 3,
1827 355 1902 411 17
1945 354 1991 429 -ξ
2030 354 2151 410 196
2188 359 2248 412 et
2281 353 2338 425 3,
2370 353 2479 426 25,

187 446 235 522 ξ
302 444 484 501 225:
532 462 571 501 a
618 440 829 503 Scottis
874 441 1178 503 ordinatus
1223 451 1275 503 et
1318 441 1552 519 missus)
1601 448 1663 502 et
1702 443 2036 515 Colmanus,
2081 442 2302 499 Finani
2346 462 2473 501 sue·

191 552 440 591 cessor
485 531 589 607 (ib.
639 534 697 605 3,
747 533 830 590 25
879 534 914 612 ξ
950 534 1105 589 227:
1153 540 1204 591 et
1249 531 1370 612 ipse
1412 530 1624 590 missus
1668 551 1707 589 a
1738 528 1972 607 Scottis)
2019 532 2096 590 ab
2126 530 2481 589 Hiiensibus

187 621 407 681 missi
468 627 640 680 erant
700 627 762 681 et
827 620 1218 696 „ordinati“.¹
1308 621 1470 695 Quin
1533 621 1710 679 etiam
1728 665 1742 692 ,
1814 640 2151 697 quanquam
2215 626 2483 696 potestas

195 710 556 770 ordinandi
615 711 971 770 Mei-ciorum
1032 717 1094 768 et
1155 709 1548 768 Orientalium
1607 709 1905 768 Saxonum
1977 710 2282 787 episcopos
2342 708 2382 766 i.
2429 729 2480 767 e.

198 799 699 858 Licidfeldensis
761 805 822 858 et
864 799 1266 859 Lundinensis
1326 799 1529 857 sedum
1574 800 1872 875 praesules
1933 818 2115 876 penes
2171 798 2484 876 episcopos

203 885 763 947 Lindisfarnenses
811 894 955 960 erat,
999 894 1202 947 tamen
1249 894 1406 946 certe
1451 888 1668 946 tertius
1699 888 1951 947 fortasse
1983 888 2163 947 etiam
2193 887 2486 946 secundus

211 977 703 1038 Licidfeldensis
751 977 1059 1055 episcopus
1101 978 1176 1035 ab
1206 976 1355 1054 ipsis
1382 976 1735 1036 Hiiensibus
1766 982 2138 1035 consecratus
2170 981 2261 1034 est
2290 974 2486 1050 (Beda
2605 1025 2609 1028 ,

205 1068 279 1125 h.
337 1087 394 1125 e.
447 1067 504 1138 3,
555 1067 657 1138 21,
704 1067 738 1144 ξ
788 1067 959 1142 212).
1051 1065 1137 1125 Et
1195 1066 1332 1124 talis
1378 1072 1510 1125 erat
1557 1066 1848 1144 episcopis
1893 1065 2485 1124 Lindisfnarensibus

216 1176 378 1214 cum
426 1144 779 1214 Hiiensibus
826 1155 1206 1228 consuetudo,
1251 1160 1322 1213 ut
1365 1174 1486 1213 non
1533 1156 1722 1213 solum
1768 1189 1852 1200 -
1902 1154 2060 1231 quod
2105 1154 2317 1212 mirum
2362 1174 2484 1213 non

216 1251 329 1304 est
388 1278 466 1287 —
519 1242 808 1302 Aedanus
826 1240 1058 1323 pascha
1087 1251 1290 1303 contra
1317 1262 1544 1304 morem
1572 1262 1791 1313 eoram,
1839 1242 1941 1325 qui
1967 1242 2162 1324 ipsum
2190 1241 2484 1315 miserant,

199 1332 435 1416 facere
495 1351 612 1391 non
659 1340 863 1411 posset
913 1332 1108 1408 (Beda
1153 1334 1211 1393 h.
1260 1351 1307 1391 e.
1359 1333 1413 1404 3,
1464 1333 1566 1404 25,
1622 1334 1658 1410 ξ
1708 1333 1865 1409 226),
1924 1338 2105 1409 atque
2165 1330 2488 1391 Colmanus

220 1429 456 1501 postea
511 1429 817 1480 tonsuram
870 1423 1172 1497 (coronae)
1218 1429 1269 1480 et
1307 1418 1563 1500 paschae
1604 1418 1891 1480 rationem
1920 1419 2173 1501 propter
2216 1418 2489 1480 timorem

214 1509 474 1594 patriae
519 1529 658 1569 suae
704 1519 1079 1570 contemneret
1110 1510 1471 1589 (Stephanus
1501 1509 1732 1569 Eddius
1764 1509 1869 1568 vit.
1899 1509 2169 1569 Wilfridi
2201 1530 2246 1567 c.
2285 1510 2364 1568 10
2396 1544 2486 1553 —

224 1600 400 1659 Mab.
465 1598 577 1672 IV,
640 1601 668 1656 1
740 1599 800 1676 [i.
848 1620 897 1657 e.
952 1599 1238 1658 Mabillon
1256 1643 1271 1672 ,
1331 1598 1491 1658 Acta
1552 1598 1660 1658 SS.
1723 1598 1964 1658 Ordinis
2024 1597 2118 1657 Sti
2171 1597 2487 1657 Benedicti

230 1709 392 1748 saec.
441 1687 554 1760 IV,
600 1708 741 1766 pars
796 1689 853 1765 1]
902 1688 1202 1767 appendix
1247 1690 1337 1746 ed.
1382 1687 1576 1748 Paris.
1623 1710 1680 1767 p.
1717 1689 1889 1765 682),
1937 1688 2042 1746 sed
2085 1693 2155 1746 ut
2198 1687 2377 1746 etiam
2422 1686 2487 1745 in

231 1777 571 1836 levioribus
617 1783 951 1855 appareret,
999 1777 1157 1836 unde
1186 1777 1670 1853 Nordanhymbri
1706 1776 1881 1835 fidem
1912 1776 2292 1835 christianam
2325 1796 2486 1835 acce-

230 1867 497 1944 pissent,
559 1887 695 1925 nam
741 1866 1009 1926 Finanus
1068 1862 1361 1925 ecclesiam
1418 1864 1739 1948 episcopali
1793 1865 1921 1926 sedi
1962 1884 2285 1945 conyruam
2326 1882 2493 1924 more

237 1952 558 2015 Scotorum
602 1975 721 2015 non
751 1953 824 2014 de
854 1952 1051 2037 lapide
1080 1953 1186 2015 sed
1216 1954 1290 2015 de
1317 1953 1526 2015 robore
1554 1964 1703 2015 secto
1717 1953 1864 2036 fecit
1895 1955 2089 2031 (Beda
2118 1955 2174 2012 h.
2208 1974 2256 2012 e.
2292 1955 2349 2026 3,
2385 1953 2490 2026 25,

241 2046 278 2122 ξ
314 2044 488 2120 225).
565 2042 741 2104 Unde
786 2044 1162 2104 manifestum
1210 2050 1301 2104 est
1346 2045 1653 2104 ecclesiam
1683 2045 2312 2121 Nordanhymbrorum
2353 2063 2488 2102 con-

236 2138 510 2209 junctam
558 2154 690 2192 cum
734 2133 1089 2191 Mei-ciorum
1137 2138 1198 2191 et
1244 2133 1638 2193 Orientalium
1672 2132 1989 2207 Saxonum,
2037 2133 2321 2210 quamdiu
2365 2151 2518 2213 mas

242 2224 429 2281 nebat
491 2223 840 2282 inconcussa
900 2223 937 2280 i.
993 2243 1043 2280 e.
1098 2242 1287 2299 usque
1348 2223 1424 2281 ad
1483 2223 1770 2299 synodum
1833 2221 2490 2281 Strenaeshalchensem

245 2311 528 2370 ecclesiae
575 2310 843 2371 Scoticae
903 2311 1157 2389 speciem
1217 2311 1561 2388 praebuisse
1621 2331 1867 2388 eamque
1923 2313 2000 2370 ob
2046 2332 2169 2370 rem
2215 2310 2490 2368 idoneam

250 2419 393 2473 esse,
443 2419 594 2476 quae
639 2401 712 2459 de
758 2400 1071 2459 Scotorum
1119 2400 1379 2459 moribus
1424 2419 1532 2459 nos
1578 2401 1838 2459 edoceat.

425 2488 521 2548 A'c
566 2489 823 2567 primum
863 2489 1104 2567 quidem
1135 2489 1501 2567 expleantur,
1550 2509 1702 2565 quae
1733 2510 1913 2567 supra
1943 2488 2198 2548 diximus
2229 2488 2303 2546 de
2334 2486 2491 2545 ordi-

249 2578 424 2637 nibus
473 2578 911 2652 ecclesiasticis,
970 2598 1109 2637 nam
1157 2579 1359 2655 quales
1404 2578 1630 2637 fuerint
1677 2578 1986 2638 Scotorum
2030 2578 2318 2657 episcopi,
2378 2577 2493 2634 hoc

251 2669 380 2726 loco
440 2666 665 2744 optime
726 2667 999 2743 cognosci
1057 2674 1275 2745 potest.
1369 2667 1587 2726 Omnes
1649 2666 1961 2727 Scotorum
2023 2666 2353 2745 episcopos,
2417 2664 2493 2723 de

257 2756 469 2833 quibus
515 2754 689 2812 modo
737 2756 1093 2814 mentionem
1137 2757 1400 2829 fecimus,
1448 2758 1763 2817 monachos
1809 2757 2012 2828 fuisse,
2072 2760 2281 2833 postea
2327 2752 2488 2813 vide-

252 2845 466 2918 bimus,-
485 2863 640 2901 nunc
664 2844 737 2901 de
761 2863 1003 2902 munere
1028 2844 1435 2923 episcoporum
1458 2845 1831 2905 disseramus.
1895 2845 2225 2922 Episcopos
2248 2863 2492 2901 munere

258 2941 317 2993 et
369 2932 663 3009 dignitate
721 2938 782 2991 et
835 2933 1028 3009 gradu
1087 2933 1451 3012 presbyteris
1512 2935 1814 3012 superiore
1859 2936 2094 2993 functos
2140 2953 2266 2992 esse
2311 2952 2491 3011 supra

254 3026 371 3098 jam
428 3021 684 3080 vidimus
729 3022 813 3099 (p.
864 3022 992 3098 58),
1054 3022 1232 3080 certis
1293 3021 1642 3098 quibusdam
1705 3022 2095 3082 ordinationis
2151 3022 2367 3081 ritibus
2424 3021 2491 3078 in

263 3130 558 3169 numerum
618 3110 1032 3189 episcoporum
1092 3130 1190 3169 eos
1252 3116 1524 3189 receptos
1585 3132 1713 3170 esse
1769 3113 1881 3171 hoc
1940 3112 2173 3169 demum
2233 3111 2359 3169 loco
2420 3109 2491 3168 fit

265 3199 815 3259 manifestissimum.
891 3199 1099 3276 Neque
1140 3200 1213 3257 de
1241 3200 1353 3257 hac
1382 3220 1447 3257 re
1477 3220 1739 3277 unquam
1773 3201 2041 3277 quaestio
2073 3198 2306 3258 exstitit
2332 3198 2494 3257 inter

265 3289 414 3348 viros
458 3288 663 3348 doctos
709 3294 893 3364 atque
940 3294 1159 3362 cautos,
1206 3287 1327 3360 sed,
1375 3308 1508 3347 cum
1555 3308 1654 3347 eos
1697 3288 1802 3369 qui
1841 3287 2100 3349 ordinati
2135 3285 2250 3347 sint
2278 3307 2319 3345 a
2347 3283 2490 3347 Sco·

267 3387 448 3438 torum
488 3373 574 3436 vel
599 3374 928 3436 Britonum
972 3376 1273 3457 episcopis,
1316 3375 1527 3438 iterum
1571 3396 1610 3434 a
1655 3375 1931 3439 catholico
1975 3376 2244 3458 qvi-scopo
2280 3396 2494 3436 manus

270 3463 614 3545 impositione
680 3464 1020 3549 corfimzari
1070 3466 1315 3541 jusserit
1375 3466 1673 3525 Theodori
1732 3467 2159 3546 archiepiscopi
2213 3467 2311 3542 (de
2372 3485 2492 3542 quo
2592 3513 2598 3519 ,

271 3555 437 3631 infra)
466 3554 904 3615 Poenitentiale
951 3555 1063 3629 (Π,
1114 3556 1170 3628 9,
1216 3556 1296 3614 Η.
1344 3555 1462 3613 and
1493 3554 1582 3615 St.
1612 3554 1734 3629 ΠΙ,
1779 3578 1838 3634 p.
1876 3558 2045 3631 197),
2091 3555 2335 3613 dubium
2382 3560 2493 3626 est,

274 3663 397 3702 num
440 3643 672 3702 ratione
716 3643 1032 3703 ordinandi
1077 3644 1194 3704 sibi
1238 3645 1484 3723 propria
1530 3645 1622 3703 usi
1668 3645 1790 3705 sint
1835 3645 2016 3726 Scoti.

434 3731 818 3792 Contendunt
862 3733 1018 3791 enim
1036 3719 1047 3733 ”
1064 3734 1394 3793 Haddanus
1439 3734 1547 3809 (H.
1593 3736 1711 3793 and
1757 3734 1842 3794 St.
1890 3733 1941 3793 Ι.
1987 3754 2045 3811 p.
2084 3734 2234 3809 155)
2282 3740 2343 3793 et
2388 3732 2491 3792 alii

279 3820 419 3897 apud
446 3819 653 3880 Scotos
684 3822 889 3880 eodem
920 3822 1112 3895 modo,
1159 3843 1275 3898 quo
1306 3823 1466 3901 apud
1497 3823 1793 3897 BritoneS,
1835 3822 2140 3901 episcopos
2170 3843 2279 3900 per
2308 3842 2491 3880 unum

280 3909 507 3968 alterum
553 3917 924 3969 consecratos
969 3930 1111 3969 esse.
1203 3910 1322 3970 Sed
1366 3931 1485 3970 non
1532 3912 1767 3985 dubito,
1817 3913 1962 3990 quin
2008 3914 2152 3971 haec
2197 3911 2493 3972 sententia

406 4067 427 4100 ²
463 4065 545 4119 Of.
582 4064 808 4119 Ebrard
856 4083 911 4147 p.
965 4065 1087 4120 173:
1135 4066 1326 4120 Aedem
1369 4065 1551 4120 warde
1594 4066 1736 4120 nach
1780 4066 1961 4121 Bedas
2005 4065 2294 4121 Ausdruck
2340 4065 2497 4119 nicht

285 4153 391 4192 zum
423 4136 662 4203 Bischof
688 4136 980 4201 ordinwrt‚
1018 4136 1250 4190 sondern
1287 4153 1427 4202 „von
1463 4136 1558 4189 cler
1596 4136 1746 4191 Insel
1784 4138 1942 4192 Jowa
1976 4154 2102 4192 zum
2139 4136 2375 4205 Bischof
2403 4137 2490 4191 de-

286 4207 515 4263 stiniert“
552 4209 603 4263 d.
630 4208 681 4261 h.
722 4208 960 4262 ernannt
995 4236 1063 4247 —
1088 4207 1144 4261 h.
1175 4223 1222 4260 e.
1252 4208 1301 4272 3,
1331 4208 1381 4271 3,
1411 4207 1441 4277 ξ
1474 4207 1594 4263 157.
1656 4208 1839 4278 Atqui
1875 4208 2027 4261 idem
2065 4209 2226 4263 Beda
2264 4209 2495 4277 scripsit

283 4280 418 4333 locos
455 4296 626 4348 supra
664 4281 1128 4333 commemoratos
1167 4278 1216 4343 3,
1257 4279 1306 4344 3,
1350 4279 1381 4349 ξ
1426 4277 1527 4331 164
1569 4283 1630 4332 et
1665 4279 1716 4344 3,
1756 4280 1838 4344 25,
1878 4279 1912 4350 ξ
1950 4279 2070 4334 225.
