3025 4909
1363 155 1802 215 ,14-

461 358 520 414 p.
575 338 742 412 143),
803 336 1105 395 Davidum
1160 336 1597 395 Meneviensem
1659 338 1730 413 (†
1779 339 1924 396 601.
1987 338 2067 396 H.
2115 338 2233 396 and
2278 337 2365 397 St.
2429 359 2485 414 p.
2537 337 2725 413 144),

463 426 818 484 Dubricium
863 424 1313 483 Landavensem
1361 426 1431 501 (†
1465 428 1591 483 612
1639 426 1721 483 Η.
1768 428 1886 484 and
1932 424 2020 485 St.
2070 426 2119 499 Ι,
2164 449 2221 504 Ρ.
2276 428 2445 503 146),
2493 426 2726 485 Kenti-

461 535 710 590 gernum
758 513 1216 574 Glascovensem
1264 515 1334 590 (†
1377 515 1522 571 612.
1570 515 1649 572 H.
1684 516 1800 573 and
1834 515 1922 574 St.
1970 516 2056 588 ΙΙ,
2094 517 2146 573 1.
2194 538 2251 594 p.
2300 517 2357 573 4.
2392 517 2465 574 cf.
2514 515 2719 575 Skene

462 603 547 675 II,
595 626 653 681 p.
708 604 1100 679 180-198),
1145 602 1489 680 Asaphum,
1548 604 1906 680 Kentigerni
1955 605 2178 663 socium
2240 626 2308 663 ac
2354 604 2717 682 discipulum

462 693 567 767 (Η.
616 692 734 750 and
781 691 869 752 St.
920 692 969 765 Ι,
1016 714 1072 768 p.
1122 691 1291 768 144),
1339 692 1412 749 de
1461 693 1676 767 quibus
1721 694 1994 752 omnibus
2039 695 2198 752 fama
2243 693 2559 772 per-multa,
2608 714 2716 751 an-

461 783 626 839 nales
674 781 757 838 nil
814 781 930 840 nisi
985 780 1226 839 nomina
1281 781 1599 839 memoriae
1658 782 2080 860 prodiderunt,
2145 819 2230 828 —-
2289 802 2519 840 necnon
2581 781 2720 859 ipse

464 869 677 928 Gildas
723 872 799 928 ab
846 871 921 928 iis
968 869 1200 929 veniam
1250 870 1407 947 petit
1439 871 1554 946 (ep.
1586 871 1621 947 ξ
1657 871 1757 943 65,
1789 893 1846 948 p.
1884 873 2009 947 72),
2058 892 2306 947 quorum
2358 872 2543 931 vitam
2590 891 2720 928 non

464 955 653 1017 soium
687 979 748 1017 se
781 959 1023 1017 laudare
1057 958 1159 1017 sed
1205 959 1384 1017 etiam
1418 960 1644 1017 cunctis
1691 961 1895 1019 mundi
1942 961 2153 1038 opibus
2199 962 2500 1038 praeferre
2548 959 2718 1018 affir-

460 1055 586 1106 mat
634 1049 730 1123 (cf.
779 1068 869 1125 ep.
916 1050 951 1125 ξ
1001 1049 1103 1117 69,
1150 1068 1206 1124 p.
1258 1050 1383 1119 76),
1447 1047 1641 1124 ipsum
1704 1050 1956 1125 denique
2003 1048 2244 1108 Gildam
2302 1049 2523 1127 scripta
2580 1053 2722 1123 ejus

462 1138 853 1214 comprobant·
897 1138 1077 1196 fuisse
1123 1136 1317 1195 virum
1364 1157 1590 1195 summa
1635 1138 2024 1197 admiratione
2070 1139 2347 1215 dignum,
2411 1138 2721 1196 eruditum

461 1246 570 1303 pro
617 1226 739 1285 suis
784 1226 1168 1303 temporibus,
1215 1226 1508 1301 insignem
1562 1227 1723 1285 vitae
1789 1227 2155 1305 integritate,
2204 1228 2515 1286 amabilem
2570 1247 2718 1304 pro-

461 1321 598 1392 pter
643 1335 902 1374 amorem
950 1336 1093 1392 erga
1139 1321 1375 1392 gentem
1425 1335 1607 1388 suam,
1654 1317 1876 1394 qnippe
1924 1318 2029 1392 qui
2066 1320 2284 1376 fratres
2316 1317 2609 1375 amaverit
2638 1321 2719 1373 ut

466 1404 660 1462 Moses
708 1404 923 1480 (Exod.
959 1406 1059 1476 32,
1095 1405 1132 1461 3
1182 1406 1252 1463 cf.
1301 1426 1392 1481 ep.
1440 1406 1611 1481 569,
1658 1426 1715 1482 p.
1753 1407 1860 1481 78)
1908 1406 2085 1465 immo
2133 1426 2321 1484 paene
2367 1413 2437 1465 ut
2481 1406 2716 1464 Paulus

461 1494 765 1569 apostolus
813 1494 1010 1569 (Rom.
1056 1494 1112 1564 9,
1149 1493 1186 1549 3
1237 1495 1307 1551 cf.
1355 1514 1447 1570 ep.
1495 1494 1531 1570 ξ
1581 1495 1679 1565 64,
1729 1515 1784 1570 Ρ.
1835 1497 1960 1569 71).
2051 1495 2451 1555 Nihilominus
2498 1515 2570 1552 ex
2614 1493 2714 1566 iis,

462 1601 613 1657 quae
676 1580 887 1639 Gildas
937 1578 1129 1663 flebili
1185 1600 1479 1653 sermone,
1541 1589 1610 1641 ut
1654 1583 1741 1641 ait
1784 1583 1952 1643 Beda
2013 1585 2093 1659 (h.
2141 1605 2190 1642 e.
2246 1585 2446 1656 1,,22,
2490 1585 2528 1662 ξ
2578 1581 2711 1660 50),

462 1676 700 1728 enarrat
731 1670 1006 1746 cognosci
1046 1676 1244 1747 potest
1276 1670 1594 1729 Britonum
1640 1672 1944 1730 ecclesiam
1989 1674 2150 1732 illius
2197 1673 2413 1738 aetatis
2460 1672 2706 1731 eandem

458 1759 667 1832 fuisse,
732 1780 883 1834 quae
929 1766 1106 1818 antea
1153 1765 1282 1817 erat
1327 1760 1389 1816 in
1435 1760 1776 1833 Britannia,
1840 1761 2086 1819 eandem
2132 1763 2237 1820 sed
2283 1767 2706 1831 senescentem,

460 1855 856 1906 senescentem
929 1849 1133 1906 eodem
1209 1849 1382 1906 modo
1448 1856 1630 1926 atque
1697 1850 1758 1907 in
1821 1850 2093 1909 omnibus
2153 1850 2411 1909 Romani
2470 1849 2706 1927 imperii

458 1937 779 2013 provinciis
842 1942 1078 1995 constat
1130 1937 1403 1995 senuisse
1447 1948 1578 1995 cum
1631 1938 1879 2015 imperio
1945 1939 2247 2011 ecclesias,
2312 1975 2418 1985 -—--
2460 1938 2705 1996 eandem

461 2046 580 2082 non
625 2046 838 2085 novam
887 2027 981 2085 vel
1028 2032 1392 2085 renovatam.
1485 2027 1658 2099 Quod
1705 2048 1835 2084 cum
1884 2036 2083 2104 neget,
2139 2028 2317 2086 immo
2364 2048 2494 2085 cum
2544 2027 2706 2084 dicat

461 2115 762 2173 ecclesiam
818 2115 1135 2173 Britonum
1191 2113 1406 2173 Gildae
1464 2116 1829 2192 temporibus
1884 2117 1970 2174 ita
2028 2117 2323 2189 floruisse,
2390 2123 2460 2174 ut
2510 2118 2705 2174 facere

460 2224 577 2261 non
622 2204 930 2281 possimus,
979 2205 1123 2281 quin
1165 2209 1541 2262 externorum
1588 2224 1699 2281 ope
1746 2225 1910 2263 sacra
1956 2206 2020 2263 in
2059 2206 2378 2264 Britannia
2424 2205 2706 2263 restituta

462 2313 585 2351 esse
632 2300 924 2370 putemuS,
973 2293 1300 2352 Schoellius
1349 2296 1431 2371 (p.
1466 2295 1575 2369 20)
1623 2314 1657 2350 a
1703 2314 1845 2353 vero
1892 2296 2100 2353 saltem
2148 2317 2183 2353 a
2230 2300 2392 2353 certo
2438 2293 2700 2371 paullum

464 2382 769 2440 aberrasse
818 2382 962 2440 mihi
1007 2383 1258 2441 videtur.

638 2471 863 2548 Negari
895 2492 1034 2530 vero
1074 2483 1199 2529 *non
1245 2475 1445 2548 potest
1490 2471 1793 2530 ecclesiam
1839 2472 1997 2530 illius
2029 2473 2258 2545 aetatis,
2295 2508 2374 2517 -
2410 2476 2703 2547 quantum

461 2581 535 2617 ex
566 2558 780 2617 Gildae
827 2561 1066 2638 scriptis
1111 2560 1250 2618 licet
1295 2579 1646 2636 cognoscere
1680 2596 1763 2605 -—
1797 2567 1857 2619 et
1887 2582 1959 2618 ex
1992 2562 2213 2620 arianis
2257 2559 2704 2639 pelagianisque

462 2649 1012 2725 perturbationibus
1059 2656 1118 2708 et
1164 2669 1237 2706 ex
1284 2669 1378 2721 ea,
1429 2669 1580 2725 quae
1626 2649 1991 2729 invasionem
2039 2649 2339 2708 Saxonum
2386 2650 2703 2707 subsecuta

463 2742 608 2810 erat,
655 2737 892 2796 miseria
922 2758 984 2796 se
1016 2737 1390 2796 recreavisse.
1451 2738 1605 2795 Nam
1636 2738 1787 2795 bene
1819 2738 2093 2797 ordinata
2123 2738 2454 2798 invenimus
2489 2737 2701 2795 omnia.

461 2825 808 2884 Invenimus
856 2826 1201 2884 clericorum
1247 2846 1526 2902 magnum
1576 2845 1881 2884 numerum
1929 2830 2046 2904 (ep.
2079 2829 2114 2905 ξ
2149 2830 2249 2900 66,
2281 2849 2339 2905 Ρ.
2376 2828 2503 2901 72),
2552 2825 2701 2903 epis-

463 2934 638 2992 copos
684 2915 1005 2973 honoribus
1052 2920 1113 2974 et
1158 2915 1384 2973 divitiis
1432 2921 1670 2973 ornatos
1717 2915 1822 2991 (ib.
1869 2917 1904 2993 ξ
1958 2918 2099 2989 108,
2146 2938 2205 2993 Ρ.
2245 2916 2415 2991 114),
2461 2934 2701 2971 munere

461 3004 862 3079 apostolorum
925 3004 1242 3081 praecipue
1301 3003 1504 3077 Petri,
1575 3001 1935 3064 clavicularii
1983 3002 2140 3063 illius
2194 3001 2482 3063 coelorum
2540 2999 2707 3082 reyni

460 3090 657 3150 idonei
701 3093 804 3168 (ib.
852 3093 887 3169 ξ
938 3094 1038 3165 73,
1087 3114 1144 3170 p.
1193 3092 1303 3170 82)
1351 3097 1636 3168 tanquam
1684 3113 2043 3152 successores
2090 3096 2215 3169 ejus
2262 3095 2376 3170 (ep.
2428 3092 2463 3167 ἓ
2501 3094 2580 3148 66
2613 3111 2701 3165 sq.

459 3202 515 3257 p.
567 3182 647 3237 72
697 3183 850 3257 sqq.)
895 3181 1240 3258 fungente8‚
1289 3181 1543 3258 synodos
1589 3189 2018 3258 congregantes
2065 3183 2163 3257 (cf.
2210 3182 2410 3257 infra),
2459 3180 2700 3256 presby-

460 3275 620 3327 teros
668 3270 784 3346 (ep.
832 3270 866 3347 ἓ
916 3273 1016 3343 69,
1063 3292 1120 3348 Ρ.
1173 3272 1300 3345 76),
1362 3289 1480 3328 non
1539 3271 1725 3329 solum
1781 3290 2076 3329 summum
2122 3271 2223 3329 sed
2267 3267 2569 3349 quemlibet
2614 3287 2697 3328 ec-

465 3354 845 3419 clesiasticum
888 3358 1149 3439 yradum
1179 3361 1296 3435 (ep.
1330 3358 1365 3433 ἓ
1404 3361 1484 3416 66
1511 3381 1569 3436 Ρ.
1607 3359 1715 3434 74)
1748 3379 1815 3416 ac
1863 3365 2055 3417 certos
2101 3359 2497 3434 definitosque
2545 3357 2699 3415 ordi-

459 3447 720 3506 nationis
751 3448 902 3507 ritus
935 3451 1052 3525 (ep.
1084 3449 1118 3525 ξ
1157 3448 1279 3504 106
1316 3467 1400 3522 sq.
1432 3469 1490 3525 p.
1533 3449 1651 3505 111
1689 3450 1876 3523 sqq.);
1916 3447 2248 3507 invenimus
2280 3452 2341 3505 et
2370 3447 2700 3518 monachOS‚

463 3543 734 3596 votorum
782 3538 1033 3595 vinculis
1080 3536 1398 3595 obstrictos
1446 3540 1562 3613 (ep.
1611 3537 1646 3612 ξ
1697 3538 1798 3609 35,
1847 3558 1903 3614 p.
1953 3537 2063 3612 45)
2110 3557 2301 3613 neque
2361 3536 2702 3612 ignoramus

460 3646 732 3703 prorsus,
796 3646 1084 3702 quaenam
1146 3625 1374 3683 fuerint
1432 3626 1535 3682 illa
1595 3631 1753 3683 vota.
1845 3626 1996 3685 Nam
2047 3645 2179 3682 cum
2225 3631 2513 3703 appareat
2566 3630 2703 3701 post

462 3715 731 3773 monachi
777 3721 978 3773 votum
1027 3713 1171 3790 quin
1219 3713 1399 3772 etiam
1446 3721 1588 3791 post
1645 3709 1920 3771 monachi
1960 3722 2155 3773 votum
2197 3712 2434 3773 irritum
2477 3710 2702 3771 idiovtas

461 3803 639 3863 fuisse
686 3803 926 3880 nuptias
972 3803 1034 3877 (l.
1084 3805 1174 3878 c.),
1222 3823 1353 3860 cum
1401 3809 1674 3859 occurrat
1720 3802 1938 3860 femina
1984 3804 2301 3877 quaedam,
2360 3823 2512 3879 quae
2557 3819 2699 3879 per-

452 3901 696 3971 petuam
739 3890 845 3950 cleo
899 3888 1193 3949 viduitatis
1246 3888 1652 3949 castimoniam
1704 3890 2061 3971 promiserat
2107 3894 2222 3969 (ep.
2270 3893 2305 3968 g
2356 3894 2437 3952 32
2485 3913 2542 3969 p.
2592 3890 2701 3965 41)

460 3982 522 4038 id
570 3981 809 4058 quidem
856 3985 1080 4037 certum
1128 3985 1242 4051 est,
1291 3979 1449 4055 quod
1494 3978 1651 4036 inter
1697 3985 1839 4038 vota
1884 3981 2303 4039 monachorum
2350 4001 2468 4038 non
2515 3978 2704 4038 defuit

461 4078 681 4141 votum,
730 4068 889 4144 quod
935 4068 1158 4125 dictum
1203 4073 1293 4126 est
1337 4069 1500 4125 sinus
1546 4068 1584 4128 i.
1631 4089 1680 4125 e.
1727 4067 2112 4144 virginitatis,
2158 4069 2216 4125 in
2269 4089 2386 4145 qua
2431 4087 2699 4146 perman-

461 4158 604 4217 sisse
659 4157 706 4216 J
707 4157 982 4215 eremiam
1043 4157 1394 4234 prophetam
1460 4154 1701 4229 Gildas,
1788 4177 1920 4214 cum
1981 4158 2246 4234 loquitur
2305 4157 2378 4214 de
2437 4154 2702 4215 Jeremia

462 4249 581 4324 (ep.
609 4248 644 4324 ἓ
679 4247 780 4318 80,
821 4266 880 4322 Ρ.
914 4245 1041 4321 89),
1073 4265 1527 4304 commemorare
1574 4265 1691 4303 non
1738 4245 1954 4303 omisit.
2121 4237 2128 4241 ’
