3025 4909
1214 214 1642 281 ..13-..

483 398 657 476 Quod
701 419 982 479 magnum
1027 400 1313 480 temporis
1357 400 1738 461 intervallum
1786 399 2085 461 oblivione
2139 420 2383 478 prorsus
2446 399 2545 460 ob·-

298 498 604 550 scuratum
653 496 805 551 esset
851 489 965 549 nisi
1009 489 1101 549 his
1138 490 1285 568 ipsis
1318 490 1689 569 temporibus
1720 488 1933 549 Gildas
1964 490 2315 569 scripsisset,
2361 491 2553 550 histo·‘

299 580 456 639 riam
504 601 656 639 anno
708 581 835 638 560
884 580 980 639 vel
1029 578 1156 637 564
1205 580 1303 656 (cf.
1352 578 1553 638 Sohffll
1598 601 1658 659 p.
1708 580 1765 651 3,
1811 579 1891 637 H.
1939 579 2057 637 and
2102 578 2191 639 St.
2238 577 2289 652 I,
2336 601 2393 657 p.
2441 579 2545 653 44,

298 674 426 727 not.
460 670 528 746 †)
575 669 892 747 epistulam
941 673 1079 727 ante
1126 689 1345 727 annum
1389 668 1513 726 547
1549 669 1647 744 (cf.
1681 667 1880 727 Schffll
1910 675 1971 726 et
2000 668 2080 726 H.
2114 667 2231 727 and
2264 668 2352 728 St.
2383 670 2546 746 l.-c.).

297 758 456 818 Nam
518 778 671 833 quae
729 765 970 836 praeter
1027 757 1172 816 haec
1218 756 1432 816 Gildae
1492 758 1714 835 scripta
1775 762 2012 816 exstant
2073 760 2200 833 ejus
2262 758 2547 835 temporis

300 846 662 920 testimonia,
708 847 1117 925 epistularum,
1165 866 1316 923 quae
1349 844 1564 905 Gildae
1611 845 2006 919 ascribuntur,
2052 851 2113 905 et
2157 846 2299 905 libri
2342 847 2545 924 poeni-

300 935 569 995 tentialis
618 936 879 1013 ejusdem
924 935 1212 1013 reliquiae
1258 936 1363 1011 (H.
1413 935 1532 994 and
1577 933 1666 994 St.
1713 934 1765 1008 I,
1810 955 1870 1013 p.
1919 934 2312 1011 108—115),
2358 935 2545 994 incer-

301 1024 463 1084 tiora
508 1024 655 1083 mihi
684 1024 966 1084 videntur
1009 1044 1155 1097 esse,
1204 1044 1382 1100 quam
1413 1023 1627 1101 quibus
1657 1023 1754 1082 hic
1783 1031 2040 1098 utamur,
2087 1028 2317 1084 statuta
2349 1030 2546 1084 autem
2607 1064 2611 1069 ι

301 1113 629 1190 synodalia,
665 1134 817 1191 quae
846 1118 1302 1192 permanserunt
1332 1113 1437 1188 (H.
1463 1113 1580 1172 and
1605 1112 1694 1172 St.
1718 1112 1769 1186 I,
1801 1134 1859 1190 p.
1891 1114 2011 1170 116
2029 1115 2141 1172 -1
2158 1115 2254 1187 19,
2279 1113 2547 1173 Wasser·

301 1203 598 1278 schlqben,
645 1202 1167 1280 Bussordnungen,
1213 1224 1271 1282 p.
1326 1202 1449 1260 103
1497 1205 1611 1279 sq.)
1658 1202 1734 1261 ad
1779 1200 2197 1261 illustrandum
2243 1203 2355 1261 hoc
2399 1208 2546 1261 tem-

301 1291 465 1370 poris
511 1291 771 1369 spatium
815 1312 1028 1369 parum
1072 1291 1358 1350 momenti
1405 1290 1692 1364 afferunt,
1739 1312 1848 1349 nec
1892 1297 2092 1350 tamen
2138 1292 2202 1349 in
2249 1291 2349 1364 eis,
2396 1311 2548 1367 quae

301 1381 602 1459 proferam
619 1425 633 1454 ,
702 1381 940 1440 omnino
1000 1380 1567 1458 praetermittentur.
1630 1416 1715 1425 —
1776 1379 2018 1439 Gildam
2079 1400 2219 1457 ergo
2275 1380 2548 1457 inprimis

301 1475 771 1548 perscrutemur,
817 1475 1028 1549 utpote
1075 1470 1178 1546 qui
1222 1490 1374 1529 unus
1420 1469 1492 1528 de
1539 1469 1812 1529 omnibus
1856 1468 2174 1529 Britonum
2220 1469 2545 1548 provinciis

302 1577 412 1617 nos
459 1559 720 1618 edoceat.
795 1558 1118 1637 Complura
1164 1558 1321 1617 enim
1367 1564 1503 1637 post
1546 1558 1952 1618 Romanorum
1999 1558 2316 1618 discessum
2362 1579 2548 1636 regna

303 1647 631 1707 constituta
689 1653 829 1707 sunt
888 1648 950 1706 in
1011 1647 1378 1707 Britonibus.
1484 1646 1806 1726 Complura
1875 1652 2045 1706 erant
2112 1648 2175 1706 in
2248 1646 2545 1721 Cambria,

305 1756 556 1813 quorum
617 1736 1028 1813 potentissima
1075 1742 1246 1796 erant
1290 1756 1538 1813 regnum
1583 1736 1895 1795 Demetiae
1940 1736 2003 1794 in
2050 1736 2330 1796 Gambria
2376 1738 2546 1795 meri-

304 1825 528 1884 dionali
576 1833 638 1884 et
682 1846 930 1903 regnum
977 1825 1286 1903 Gywnedd
1332 1825 1395 1883 in
1442 1825 1925 1904 septentrionali,
1972 1825 2218 1884 tertium
2264 1826 2326 1883 in
2373 1826 2544 1884 meri-

305 1914 527 1973 dionali
556 1914 876 1974 Britannia
921 1935 1169 1992 regnum
1193 1915 1583 1987 Damnoniae,
1632 1920 1929 1991 quartum,
1980 1918 2144 1991 cujus
2190 1920 2371 1992 caput
2418 1919 2548 1972 erat

304 2003 574 2062 Alcluith
622 2003 820 2080 (hodie
852 1998 1272 2080 Dumbarton),
1320 2003 1383 2061 in
1429 2002 1759 2062 confinibus
1792 2002 2029 2062 Scotiae
2076 2009 2137 2063 et
2173 2002 2545 2075 Britanniae,

306 2111 456 2166 quae
502 2112 658 2150 nunc
704 2097 856 2165 sunt,
904 2098 1153 2170 regnum
1199 2111 1401 2151 eorum
1444 2091 1780 2164 Britonum,
1830 2091 1933 2169 qui
1977 2093 2235 2152 Romani
2282 2092 2544 2170 appella-

304 2182 555 2253 bantur,
626 2181 878 2258 denique
939 2183 1057 2241 alia
1118 2182 1348 2240 minora
1395 2182 1490 2258 (cf.
1536 2180 1788 2258 Bright,
1857 2203 1916 2261 p.
1966 2183 2078 2254 273
2148 2179 2342 2239 Skene
2389 2181 2440 2255 I,
2486 2203 2545 2259 p.

306 2269 433 2327 235
482 2272 611 2346 sq.).

376 2411 377 2414 ,
484 2356 603 2416 Sed
635 2358 1000 2436 singulorum
1030 2359 1315 2419 historiae
1346 2359 1637 2418 rationem
1667 2359 1886 2417 habere
1932 2364 2135 2417 nostra
2180 2380 2300 2418 non
2345 2361 2547 2433 refert,

306 2447 659 2524 praesertim
692 2468 823 2506 cum
857 2468 1009 2525 quae
1040 2449 1114 2506 de
1160 2448 1409 2525 singulis
1455 2453 1733 2507 constant
1778 2449 1873 2507 vel
1922 2455 2194 2508 constare
2239 2455 2546 2526 putantur,

305 2536 577 2595 nitantur
606 2537 669 2594 in
701 2537 1092 2615 scriptoribus
1121 2537 1226 2595 illa
1256 2538 1387 2616 ipsa
1417 2543 1615 2596 aetate
1661 2538 1836 2614 longe
1881 2538 2275 2596 inferioribus.
2337 2538 2547 2614 Neque

297 2618 516 2684 Gildas
546 2625 620 2684 de
652 2625 899 2703 singulis
941 2626 1307 2703 singularum
1352 2627 1678 2703 regionum,
1705 2626 1966 2686 ecclesiis
2011 2626 2195 2685 verba
2239 2627 2397 2700 fecit,
2445 2627 2547 2685 sed

304 2713 366 2771 in
414 2713 754 2773 universum
800 2715 1082 2792 loquitur.
1174 2714 1307 2788 Quo
1351 2715 1635 2774 libentius
1686 2735 1858 2774 aures
1904 2716 1958 2773 ei
2005 2715 2225 2773 demus.

484 2800 792 2871 Attamen,
841 2803 891 2861 si
937 2824 1303 2880 speraremus
1348 2805 1490 2877 fore,
1546 2809 1615 2862 ut
1663 2801 1873 2862 Gildas
1917 2804 2112 2884 planis
2159 2825 2228 2862 ac
2273 2803 2547 2863 dilucidis

307 2891 506 2951 verbis
554 2892 834 2951 ecclesiae
895 2892 1111 2951 aetatis
1170 2912 1309 2951 suae
1368 2892 1686 2969 imaginem
1750 2893 1921 2951 nobis
1983 2893 2323 2970 effingeret,
2381 2914 2548 2969 ¹vana

304 2993 408 3057 spe
462 2986 816 3039 teneremur.
907 2981 1062 3041 Nam
1116 3001 1235 3040 non
1290 2981 1415 3039 sine
1476 2981 1703 3059 optimo
1757 2983 1893 3057 jure
1938 2980 2153 3041 Gildae
2199 2983 2272 3040 de
2318 2981 2545 3040 excidio

305 3068 658 3128 Britanniae
722 3069 958 3127 libellus
1034 3069 1226 3143 „liber
1283 3071 1598 3145 querulus“
1674 3071 2010 3148 appellatus
2079 3076 2201 3129 est:
2279 3072 2547 3147 querelas

308 3158 574 3217 continet
633 3157 882 3216 historia
897 3202 911 3231 ,
983 3158 1252 3236 querelas
1313 3159 1586 3237 epistula.
1678 3158 1797 3217 Sed
1842 3180 2164 3237 numquam
2211 3179 2243 3216 e
2291 3159 2547 3235 querelis

307 3265 523 3319 eorum,
571 3246 674 3322 qui
704 3247 991 3324 neglectis
1031 3267 1219 3325 paene
1258 3267 1398 3306 suae
1443 3246 1660 3306 aetatis
1705 3248 2030 3307 virtutibus
2074 3248 2354 3306 videntur
2398 3247 2547 3305 nihil

305 3335 646 3394 observasse
692 3335 806 3394 nisi
851 3356 1004 3411 quae
1051 3336 1443 3413 vituperanda
1490 3341 1689 3395 essent
1735 3337 1798 3395 in
1843 3336 2218 3412 aequalibus,
2289 3357 2431 3397 vera
2479 3358 2546 3394 ac

305 3425 569 3501 perfecta
622 3425 1080 3503 praeteritorum
1134 3431 1472 3502 temporum
1517 3425 1734 3484 notitia
1780 3425 2105 3486 haurietur.
2195 3426 2548 3503 Nigerrimis

306 3532 447 3571 vero
494 3514 784 3572 coloribus
826 3511 1038 3572 Gildas
1084 3514 1417 3589 aequalium
1461 3535 1655 3573 mores
1701 3515 1988 3593 depinxit.
2081 3511 2288 3595 Reye3,
2332 3515 2548 3592 inquit,

305 3597 473 3660 habet
516 3597 899 3673 Britanniae,
946 3601 1051 3662 3ed
1094 3610 1399 3682 tyrannm,
1456 3599 1686 3684 judic-23
1730 3601 1922 3675 habet,
1971 3602 2074 3663 sed
2116 3602 2356 3686 impios,
2401 3623 2547 3675 reos,

306 3685 577 3761 latrone3,
626 3689 852 3767 dignos,
902 3691 1005 3768 qui
1033 3691 1154 3770 ipsi
1185 3692 1648 3751 condemnentur
1678 3695 1794 3771 (ep.
1827 3694 1862 3771 ξ
1896 3693 1977 3751 27
2011 3713 2142 3770 sqq.
2172 3714 2229 3770 p.
2265 3694 2345 3750 36
2373 3695 2546 3770 sqq.,)

306 3777 625 3838 sacerdotes
669 3775 866 3850 habet,
925 3779 1029 3839 3ed
1070 3778 1425 3861 imquutae,
1483 3801 1669 3861 quam
1713 3778 2010 3860 plummos
2053 3780 2383 3858 mini-uros,
2444 3781 2548 3842 sed

305 3864 389 3924 im
635 3887 691 3938 3,
758 3824 988 3929 cle‘t'wo3
1042 3867 1147 3929 sed
1198 3878 1465 3949 raptores
1507 3867 1806 3940 subdolos,
1866 3868 2265 3931 ecclesiastwos
2320 3870 2547 3951 yradus

295 3954 651 4035 propensius
679 3976 857 4036 quam
887 3976 1069 4037 reyna
1098 3954 1389 4018 coelorum
1419 3956 1730 4019 ambient&
1760 3959 1928 4035 (ibid.
1959 3961 1997 4038 ξ
2031 3963 2132 4034 66,
2162 3979 2220 4037 p.
2257 3962 2337 4018 72
2373 3964 2545 4036 sqq..)

309 4043 482 4103 Talia
528 4046 862 4123 legentibus
908 4046 1080 4106 nobis
1126 4046 1525 4107 confitendum
1570 4054 1663 4107 est
1709 4046 1950 4107 Gildam
1990 4052 2153 4125 justo
2199 4050 2332 4126 plus
2388 4049 2544 4109 vitu-

308 4154 537 4212 perare,
583 4154 721 4193 nam
752 4141 984 4195 constat
1021 4136 1230 4195 iisdem
1278 4137 1644 4215 temporibus
1692 4144 1752 4196 et
1795 4139 1995 4214 paullo
2040 4143 2179 4215 post
2224 4139 2439 4198 multas
2483 4138 2546 4196 in

304 4222 624 4282 Britannia
653 4223 833 4283 fuisse
864 4224 1111 4298 scholas,
1143 4225 1362 4284 multos
1392 4227 1662 4304 egregios
1693 4227 1980 4301 doctores,
2012 4228 2230 4286 multos
2260 4248 2545 4288 veneran-

309 4311 416 4371 dos
464 4312 770 4390 episcopos
814 4320 885 4373 ut
928 4314 1241 4373 Danielem
1285 4313 1718 4375 Bancorensem
1775 4315 1844 4392 (†
1893 4315 2019 4374 584
2066 4316 2146 4373 H.
2193 4317 2312 4375 and
2358 4315 2449 4376 St.
2494 4316 2546 4390 I,
