3025 4909
1481 193 1916 251 -94-..

574 368 790 445 quibus
820 389 1000 428 unum
1024 369 1214 432 Jonas
1244 372 1591 447 nominavit,
1622 374 1782 450 quod
1805 373 1970 434 Scoti
1998 393 2170 435 sacra
2191 373 2506 434 mearum
2526 370 2864 434 solemnia

571 456 903 517 orationum
960 467 1012 517 et
1064 454 1432 522 collectarum
1483 458 1794 542 nucu-pluet·
1842 462 2114 524 varietate
2167 465 2533 524 celebrarent
2587 464 2684 538 (c.
2748 462 2857 534 10,

570 566 627 623 p.
681 547 807 605 120
852 548 923 607 cf.
992 548 1247 608 Warren
1290 570 1350 628 p.
1392 553 1473 609 96
1521 554 1695 628 sqq.,)
1740 558 1985 625 ceteros,
2031 572 2164 613 cum
2192 552 2536 630 Agrestium
2592 552 2858 610 faceret

570 633 861 696 dicentem
900 645 989 711 „et
1016 634 1204 698 multa
1231 634 1356 697 alia
1384 636 1715 721 superfla&
1744 641 1877 719 pari
1907 642 2079 701 modo
2105 649 2287 719 atque
2309 641 2479 701 Beda
2503 641 2615 717 (ef.
2645 660 2851 719 supra

569 746 629 803 p.
652 721 787 800 ’25)
833 725 1070 786 levioris
1117 728 1401 788 momenti
1446 749 1573 789 esse
1617 729 1922 790 indicavit.

748 813 918 875 Haec
963 821 1102 876 sunt
1149 837 1300 894 quae
1346 825 1586 878 exstant
1629 819 2009 880 dissensionis
2054 819 2396 880 testimonia
2439 824 2712 897 praeter
2761 817 2846 891 id,
2969 855 2970 866 ;

570 904 729 981 quod
774 903 1009 982 saepius
1046 905 1351 966 invenitur
1378 907 1709 984 generatim
1739 915 1800 968 et
1830 908 2165 968 summatim
2194 908 2420 969 dictum
2456 904 2846 968 Colwnbam

569 1012 607 1052 a
636 1000 953 1053 ceterorum
991 992 1249 1054 moribus
1287 994 1595 1072 desciscere
1624 994 1967 1075 (Agrestius
1998 997 2158 1076 apud
2185 998 2326 1057 Jon.
2357 997 2465 1057 vit.
2493 996 2692 1056 Eust.
2736 997 2769 1054 1
2782 997 2843 1066 0,

568 1103 624 1160 p.
653 1082 804 1158 120)
828 1082 921 1141 vel
944 1080 1021 1141 ab
1043 1082 1303 1143 omnium
1323 1082 1711 1145 saecularium
1732 1105 1895 1147 more
1919 1086 2227 1147 desciscere
2248 1085 2318 1164 (J
2319 1106 2413 1146 on.
2428 1086 2535 1146 vit.
2550 1084 2703 1144 Col.
2725 1086 2836 1155 33,

566 1192 625 1250 p.
658 1171 765 1246 19)
796 1171 890 1230 vel
920 1170 1183 1232 omnibus
1210 1193 1328 1233 non
1356 1173 1573 1234 sociem-i
1598 1175 1887 1251 (ibidem).
1950 1177 2216 1250 Quorum
2245 1176 2493 1235 tertium
2527 1208 2613 1220 —
2660 1172 2838 1251 quod

568 1259 859 1320 Columba
886 1261 1158 1321 omnibus
1189 1282 1306 1322 non
1338 1263 1552 1322 sociari
1582 1263 1806 1323 dicitur
1842 1297 1915 1308 —
1951 1264 2112 1324 haud
2141 1264 2262 1323 scio
2293 1285 2370 1324 an
2402 1264 2661 1339 majoris
2700 1282 2830 1321 mo-

566 1348 753 1408 menti
781 1348 880 1422 sit,
913 1370 1089 1452 quam
1118 1351 1234 1410 tibi
1257 1350 1549 1412 videatur.
1617 1352 1786 1413 Idem
1810 1354 1968 1413 enim
1991 1354 2352 1413 Laurentius
2375 1351 2831 1412 cantuarensis

565 1437 889 1499 Columbae
921 1439 1153 1498 crimini
1184 1440 1350 1502 dedit
1378 1441 1581 1501 dicens
1617 1462 1682 1501 se
1709 1461 1828 1521 per
1860 1439 2206 1502 &lumbam
2233 1439 2501 1502 abbatem
2528 1439 2825 1501 duliam

564 1520 766 1588 scotos
808 1524 895 1587 ml
935 1525 1269 1610 discrepare
1311 1549 1352 1588 a
1394 1527 1744 1591 Britonibus
1785 1528 1850 1589 in
1893 1551 2096 1592 eorum
2137 1529 2560 1591 commeatione
2607 1529 2826 1606 (Beda

563 1614 620 1674 h.
652 1635 701 1675 e.
736 1616 795 1688 2,
827 1615 887 1688 4,
917 1616 953 1693 ξ
987 1617 1113 1694 98),
1156 1618 1360 1678 idem
1341 1639 1470 1698 ipse
1500 1619 1790 1680 Columba
1822 1620 2153 1693 confitetur,
2185 1637 2317 1679 cum
2346 1619 2556 1680 scribit
2588 1621 2723 1697 (ep.
2763 1619 2817 1690 1,

563 1725 622 1783 p.
656 1704 740 1763 24
772 1703 877 1781 F):
924 1714 1145 1765 constat
1185 1727 1292 1768 nos
1339 1708 1477 1785 [etsi
1521 1710 1584 1767 in
1616 1707 1816 1768 Gallia
1860 1709 2082 1786 sumus]
2113 1707 2177 1768 in
2204 1716 2405 1769 nostra
2434 1727 2551 1768 esee
2571 1705 2817 1789 patrica

563 1791 705 1852 dum
749 1789 947 1853 nullas
988 1792 1235 1858 istorum
1277 1795 1625 1878 suscipimus
1666 1793 1899 1879 reyulas
1932 1793 2259 1869 Gallorum,
2303 1797 2406 1858 sed
2449 1795 2513 1856 in
2557 1793 2817 1857 deseras

561 1880 830 1954 sedwa,
873 1879 1024 1944 nulli
1061 1882 1302 1957 molesti,
1346 1906 1480 1945 cam
1522 1894 1857 1947 nostrorum
1899 1883 2112 1968 reyulie
2154 1905 2456 1947 maanus
2484 1884 2812 1946 seniorum.

560 1970 737 2030 Unde
781 1971 1160 2034 manifestum
1206 1981 1320 2047 est,
1381 1974 1593 2037 Scotos
1636 1976 1770 2036 illos
1816 1978 2263 2054 peregrinantes
2306 1995 2694 2053 nequaquam
2742 1978 2813 2031 ut

559 2060 912 2139 apostolum,
958 2063 1062 2137 qui
1115 2062 1438 2144 „quibusvis
1481 2063 1744 2146 qm'dvis“
1798 2071 1944 2139 erat,
1989 2064 2363 2143 evangelium
2404 2064 2804 2143 praedicasse,

561 2149 665 2209 sed
709 2149 928 2228 potius,
975 2151 1195 2230 quippe
1225 2153 1330 2229 qui
1360 2153 1633 2213 monachi
1662 2159 1875 2226 essent,
1921 2154 2196 2214 maluisse
2224 2151 2288 2213 in
2316 2151 2551 2214 desertis
2579 2150 2804 2220 sedere,
2845 2179 2852 2184 ·

560 2258 739 2315 quam
784 2246 1089 2300 versantes
1133 2242 1199 2302 in
1239 2247 1407 2301 coetu
1436 2242 1739 2302 hominum
1770 2243 2222 2319 frequentiaque
2251 2249 2491 2302 strenue
2521 2243 2799 2301 laborare

556 2328 621 2387 in
667 2330 1030 2408 corrigendis
1075 2332 1226 2393 aliis.

733 2419 1044 2496 Perpauca
1075 2422 1264 2499 igitur
1293 2428 1431 2481 sunt
1462 2421 1842 2484 dissensionis
1872 2421 2231 2494 testimonia,
2275 2421 2590 2500 permulta,
2638 2441 2793 2499 quae

555 2509 940 2585 comprobent
985 2508 1331 2570 Columbam
1380 2516 1441 2570 et
1484 2530 1637 2582 suos,
1687 2511 1954 2588 quamvis
2000 2509 2220 2571 diversi
2263 2510 2488 2569 fuerint
2533 2512 2608 2572 ab
2657 2509 2795 2570 aliis

553 2596 822 2658 nonnulli
869 2616 1069 2658 eorum
1115 2620 1327 2672 mores,
1372 2607 1575 2660 tamen
1619 2601 1737 2658 fide
1781 2619 2155 2678 nequaquam
2195 2619 2387 2676 neque
2417 2619 2682 2678 unquam
2712 2600 2791 2657 ab

551 2686 783 2748 unitate
831 2688 1122 2747 catholica
1166 2688 1527 2747 dissensisse.

726 2778 774 2837 J
773 2798 880 2836 ure
941 2776 1179 2853 quidem
1240 2776 1403 2836 dicat
1459 2777 1711 2837 fortasse
1758 2777 2049 2855 quispiam
2095 2778 2171 2836 de
2215 2778 2339 2837 sola
2382 2777 2500 2836 fide
2545 2784 2790 2837 sanctae

551 2866 871 2925 Trinitatis
916 2865 1264 2926 Columbam
1322 2865 1567 2938 dixisse,
1625 2886 1755 2924 cum
1810 2887 2028 2944 papam
2074 2871 2275 2925 oraret
2325 2885 2468 2945 „per
2509 2865 2790 2929 unitatem

526 2954 685 3038 fidei
724 2961 974 3026 nostrae,
1022 2973 1168 3036 quae
1208 2952 1449 3014 invicem
1488 2958 1605 3013 est“
1642 2957 1761 3033 (ep.
1796 2956 1854 3028 1,
1897 2975 1953 3033 p.
1989 2956 2073 3014 24
2104 2954 2204 3031 Ε).
2280 2952 2402 3014 Sed
2432 2955 2579 3032 quid
2606 2955 2787 3025 dicat,

547 3045 600 3105 si
643 3043 852 3105 audiat
883 3043 1231 3103 Columbam
1276 3044 1570 3102 dicentem
1615 3043 1693 3101 ad
1737 3051 1941 3123 patres
1986 3043 2196 3120 synodi
2225 3047 2343 3122 (ep.
2378 3046 2435 3117 2,
2467 3066 2527 3122 Ρ.
2561 3045 2645 3103 25
2675 3043 2783 3122 G):

546 3132 745 3213 capiat
787 3150 893 3192 nos
937 3130 1140 3204 simul,
1188 3150 1308 3204 ore,
1358 3125 1589 3203 Gallia,
1634 3151 1778 3212 quoe
1823 3131 2010 3212 capiet
2052 3152 2296 3214 reqnum
2340 3129 2633 3193 coelorum
2678 3178 2694 3193 .
2725 3178 2741 3193 .
2771 3177 2784 3193 .

557 3218 756 3283 Unum
799 3220 950 3281 mim
993 3241 1236 3304 requam
1282 3218 1559 3281 habemus
1602 3229 1655 3280 et
1696 3241 1879 3281 unam
1907 3240 2070 3301 spem
2097 3220 2409 3282 vocationis
2437 3220 2501 3281 in
2534 3218 2778 3295 Clm‘sto⁷

547 3318 607 3371 et
653 3312 728 3370 ad
776 3312 1010 3369 eosdem
1055 3333 1112 3389 p.
1162 3312 1243 3368 26
1285 3309 1373 3367 E:
1418 3308 1592 3369 umus
1636 3308 1790 3369 enim
1834 3330 2035 3370 evemus
2079 3309 2340 3390 emporis
2385 3309 2779 3371 commembra

544 3398 663 3459 sive
709 3392 881 3459 Galli
920 3397 1038 3458 sive
1080 3396 1370 3459 Bm’tanni
1409 3396 1526 3457 sive
1571 3395 1734 3457 Iberi
1772 3396 1886 3460 sive
1930 3419 2186 3482 quaeque
2225 3408 2415 3480 yentes
2448 3443 2464 3458 .
2498 3444 2512 3458 .
2545 3393 2604 3458 ..9
2679 3400 2779 3459 An

545 3496 822 3569 putemus
861 3508 1015 3561 eum,
1059 3487 1163 3566 qui
1190 3486 1553 3547 haereticum
1584 3508 1708 3548 esse
1731 3488 2109 3563 judicaverit,
2140 3488 2476 3567 quicunque
2508 3488 2604 3551 Sti
2633 3489 2778 3549 Hie-

543 3576 775 3654 ronymi
818 3577 1236 3637 auctoritatem
1274 3576 1514 3636 laeserit
1546 3579 1661 3656 (ep.
1696 3577 1754 3650 5,
1798 3598 1856 3655 p.
1892 3580 1973 3637 32
2007 3577 2109 3655 Gr),
2153 3578 2543 3637 inconsultius
2576 3585 2776 3639 coacta

542 3667 862 3747 projecisse
918 3667 1023 3726 illa
1081 3667 1265 3726 verba
1282 3665 1313 3723 Ῥ
1404 3664 1526 3738 Qui
1582 3686 1723 3725 vero
1778 3667 2152 3727 nihilosecius
2197 3667 2459 3738 dubitat,
2521 3666 2772 3744 benigne

545 3756 646 3829 eis,
695 3775 846 3832 quae
891 3760 1234 3834 sequuntur,
1279 3754 1509 3813 tribuat
1555 3775 1774 3814 aurem.

721 3845 976 3904 Maxime
1031 3845 1188 3904 enim
1241 3842 1555 3922 perspicua
1598 3843 1669 3904 fit
1713 3846 1976 3921 perfecta
2021 3844 2125 3903 illa
2169 3843 2308 3903 fidei
2352 3844 2552 3905 unitas
2599 3845 2663 3904 in
2709 3866 2774 3904 ea

541 3936 671 4014 ipsa
715 3953 797 4008 re,
844 3934 917 3992 de
965 3954 1082 4011 qua
1127 3932 1549 3993 dissensionem
1594 3932 1793 4011 potius
1838 3953 1945 3991 nos
1989 3932 2334 3994 inventuros
2380 3954 2505 3993 esse
2536 3940 2770 4012 putare·

539 4043 686 4098 mus,
732 4024 783 4083 si
827 4022 977 4100 ipsis
1019 4022 1289 4101 epistulis
1334 4041 1453 4080 non
1497 4022 1669 4080 lectis
1698 4020 1971 4082 Ebrardo
2018 4028 2080 4083 et
2126 4056 2208 4068 —-
2255 4020 2398 4098 quid
2444 4023 2637 4100 magis
2667 4022 2770 4082 mi-

537 4113 789 4172 randum
804 4111 954 4172 est?
982 4146 1064 4157 -
1090 4111 1206 4189 ipsi
1229 4110 1545 4169 Warrenio
1576 4113 1656 4187 (p.
1691 4109 1771 4169 37
1800 4114 1954 4189 sqq.)
1984 4111 2159 4171 fidem
2190 4111 2664 4189 adjungeremus,
2688 4145 2772 4157 —-

538 4201 765 4262 scilicet
808 4201 872 4260 in
916 4200 1008 4274 iis,
1055 4220 1205 4277 quae
1252 4200 1325 4258 de
1370 4199 1722 4258 auctoritate
1767 4220 1959 4278 papae
1999 4198 2287 4259 Columba
2334 4200 2605 4277 epistulis
2651 4202 2772 4261 suis

534 4291 760 4367 injecit,
808 4291 1022 4351 verbis.
1097 4291 1251 4351 Nam
1300 4309 1415 4365 quo
1462 4288 1681 4347 certius
1726 4295 1817 4349 est
1862 4290 1959 4365 (cf.
1989 4288 2263 4366 Loening
2305 4287 2393 4361 ΙΙ,
2440 4311 2497 4367 Ρ.
2532 4291 2663 4348 418
2713 4297 2772 4356 et
