3025 4909
1202 204 1635 260 —11-

469 384 637 457 Quae
683 404 813 442 cum
859 382 948 441 ita
995 382 1145 455 sint,
1216 381 1387 440 nobis
1448 401 1566 439 non
1613 401 1761 459 opus
1807 387 1899 440 est
1944 380 2126 454 scire,
2195 401 2230 438 a
2277 400 2533 457 quonam

279 473 585 550 evangelii
631 471 902 532 doctrina
949 472 1011 531 in
1056 470 1437 530 Britanniam
1485 470 1669 529 allata
1716 470 1810 530 sit.
1901 470 1995 528 De
2058 491 2176 547 qua
2237 491 2300 529 re
2317 514 2332 543 ,
2402 490 2532 528 cum

277 562 449 620 nullo
498 562 669 620 modo
716 561 894 619 fidem
941 561 1324 619 christianam
1369 565 1532 618 recta
1564 559 1662 618 via
1702 579 1776 618 ex
1806 559 2031 618 oriente
2062 559 2125 617 in
2155 558 2534 618 Britanniam

279 652 529 709 allatam
586 671 708 709 esse
765 671 967 709 omnes
1022 648 1453 721 consentiant,.
1493 649 1557 705 in
1622 648 1769 708 duas
1833 648 2159 707 sententias
2222 648 2535 708 discedunt

277 740 403 798 viri
463 739 639 798 docti.
745 739 875 798 Alii
936 738 1143 798 Gallos
1203 738 1522 797 Britonum
1586 738 1885 815 apostolos
1956 737 2138 795 fuisse
2214 738 2531 809 affirmant,

281 849 537 906 quorum
584 828 802 887 ritibus
850 827 1279 899 ecclesiasticis,
1326 826 1623 903 liturgiae,
1671 826 2023 886 lectionibus
2055 826 2253 899 sacris,
2301 826 2533 902 hymnis

280 917 577 977 secundae
623 917 840 976 aetatis
887 918 1165 978 ecclesiae
1211 915 1596 974 Britannicae
1641 916 1809 988 ritus,
1855 915 2188 991 liturgiam,
2234 916 2532 988 lectiones,

282 1007 538 1083 hymnos
600 1006 814 1066 similia
873 1006 1054 1066 fuisse
1114 1007 1245 1065 luce
1306 1006 1521 1064 clarius
1577 1011 1669 1064 est
1724 1004 1867 1081 (vid.
1913 1005 2185 1077 Warren,
2232 1025 2291 1081 p.
2342 1005 2415 1061 61
2474 1011 2533 1063 et

284 1097 448 1154 locos
494 1096 583 1154 ibi
627 1097 1153 1171 commemoratos),
1216 1094 1318 1153 alii
1373 1094 1533 1171 iique
1587 1094 1843 1153 minores
1901 1113 2145 1151 numero
2191 1093 2533 1152 auctoribus

286 1185 579 1244 Romanis
623 1184 908 1244 Britones
955 1185 1030 1243 ad
1077 1183 1460 1243 christianum
1521 1183 1697 1241 fidem
1758 1182 2064 1242 transiisse
2120 1182 2233 1241 sibi
2294 1202 2533 1260 persua·

288 1279 499 1333 serunt
553 1273 806 1350 (Scholl,
863 1296 921 1352 p.
971 1275 1072 1332 48.
1118 1272 1422 1351 Haddan),
1483 1273 1590 1331 alii
1645 1272 1710 1330 in
1762 1271 1963 1331 medio
2011 1292 2137 1329 rem
2189 1271 2536 1348 relinquunt

288 1363 541 1440 (Bright
579 1384 636 1440 p.
676 1364 755 1438 1).
846 1363 1022 1421 Hanc
1071 1362 1532 1422 controversiam
1577 1361 1896 1438 disceptari
1942 1368 2146 1419 nostra
2189 1380 2400 1437 parum
2445 1360 2532 1418 in-

287 1458 506 1525 terest,
568 1451 883 1510 dummodo
943 1452 1247 1510 ecclesiam
1291 1451 1608 1510 Britonum
1655 1450 2044 1508 orthodoxam
2105 1449 2285 1507 fuisse
2334 1469 2531 1507 conce-

289 1541 487 1600 datur.
579 1540 704 1599 Nec
750 1546 949 1599 tamen
996 1540 1287 1600 silendum
1335 1560 1458 1599 esse
1505 1540 1720 1617 putavi
1766 1540 2036 1616 proximo
2092 1558 2246 1596 anno
2297 1539 2533 1596 Warre-

291 1630 488 1702 nium,
553 1629 744 1688 virum
791 1630 1224 1702 doctissimum,
1286 1629 1569 1707 perplura
1624 1627 1893 1687 attulisse
1937 1633 2319 1703 argumenta,
2383 1648 2534 1703 quae

291 1719 768 1795 comprobarent,
813 1718 988 1777 fidem
1021 1718 1402 1777 christianam
1434 1739 1505 1775 ex
1537 1715 1738 1775 Gallia
1770 1738 1837 1775 ac
1884 1716 2120 1793 quidem
2170 1737 2242 1774 ex
2287 1716 2534 1774 urbibus
2635 1728 2644 1738 ’

289 1807 589 1884 Lugduno
637 1814 698 1866 et
744 1807 979 1867 Vienna
1024 1808 1393 1885 temporibus
1438 1806 1675 1865 Irenaei
1730 1805 1791 1863 in
1839 1805 2216 1863 Britanniam
2261 1805 2533 1864 transmi-

292 1917 495 1973 grasse
541 1897 824 1970 (Warren
869 1919 926 1975 p.
960 1897 1270 1972 46-58).
1363 1896 1527 1969 Quae
1574 1894 1870 1954 sententia
1915 1915 2046 1953 cum
2093 1914 2167 1952 ex
2210 1894 2426 1953 ritibus
2471 1895 2533 1952 in

291 1985 610 2048 Britannia
655 1985 894 2044 usitatis
939 2005 1129 2062 neque
1177 2005 1399 2058 eorum,
1447 1985 1549 2061 qui
1595 2005 1727 2043 cum
1773 1983 2163 2042 orientalibus
2205 1990 2537 2060 congruunt

301 2099 391 2118 ...-
430 2079 668 2133 exstant
723 2074 878 2132 enim
936 2076 1087 2133 tales
1145 2074 1424 2149 (Warren
1480 2095 1540 2150 p.
1591 2072 1700 2149 55)
1757 2107 1829 2115 -
1891 2091 2083 2148 neque
2139 2092 2369 2144 eorum,
2435 2073 2536 2148 qui

293 2163 528 2223 similes
563 2170 704 2222 sunt
734 2161 1063 2223 Gallicanis
1110 2163 1420 2222 obscuram
1465 2162 1764 2238 relinquat
1811 2162 2118 2238 originem,
2168 2161 2348 2238 digna
2392 2162 2538 2219 mihi

236 2277 243 2280 ¹
294 2252 549 2326 videtur,
596 2272 773 2328 quam
820 2253 1155 2312 assensione
1202 2253 1674 2329 comprobemuS‚
1723 2250 2022 2327 quamvis,
2071 2270 2222 2326 quae
2270 2250 2343 2308 de
2389 2256 2535 2309 tem·

294 2362 471 2420 pore,
522 2361 637 2418 quo
683 2343 843 2399 facta
889 2348 1042 2401 esset
1087 2342 1192 2399 illa
1236 2340 1718 2417 transmigratiO,
1767 2340 2117 2398 Warrenius
2165 2340 2402 2412 attulit,
2449 2339 2536 2397 in·

296 2429 553 2489 certiora
599 2449 724 2488 esse
773 2431 978 2507 negari
1026 2450 1144 2488 non
1173 2430 1378 2508 possit.
1469 2430 1623 2489 Nam
1655 2428 1798 2504 quid
1830 2428 2131 2501 incertius,
2179 2448 2356 2504 quam
2387 2449 2538 2504 quae

296 2519 646 2596 apologetae
677 2519 988 2595 proferunt
1018 2519 1092 2577 de
1125 2519 1368 2578 ecclesia
1415 2519 1847 2577 succrescente!
1895 2516 2013 2576 Sed
2061 2517 2205 2593 quid
2252 2518 2327 2575 ad
2373 2517 2538 2575 rem?

296 2608 383 2667 Ut
429 2608 551 2666 sint
595 2606 969 2680 incertiores,
1019 2628 1164 2686 quos
1211 2608 1512 2680 subduxit,
1561 2607 1804 2679 calculi,
1852 2606 2072 2665 certior
2118 2612 2209 2665 est
2253 2606 2381 2683 ipsa
2428 2627 2537 2677 res,

296 2697 551 2755 certiora
611 2696 714 2754 illa
775 2702 1154 2773 argumenta,
1217 2718 1368 2773 quae
1427 2697 1652 2755 rituum
1712 2702 1925 2754 natura
1985 2695 2273 2753 nituntur.
2382 2695 2541 2768 Quin

297 2785 475 2844 etiam
522 2784 669 2844 duas
715 2785 863 2844 alias
908 2806 1002 2845 res
1050 2806 1510 2858 commemorem,
1561 2806 1713 2862 quae
1729 2784 2047 2843 Warrenio
2093 2784 2252 2841 haud
2297 2784 2417 2842 scio
2464 2804 2540 2842 an

295 2877 580 2950 majorem
624 2873 801 2933 fidem
847 2874 1116 2933 afferant.
1687 2945 1692 2950 Ι

474 2963 739 3037 Quarum
786 2963 953 3041 prior
1000 2970 1107 3036 est,
1156 2964 1313 3040 quod
1360 2964 1706 3041 symbolum,
1757 2982 1874 3039 quo
1906 2961 2189 3021 Britones
2220 2963 2283 3020 in
2313 2963 2537 3041 baptis-

297 3052 472 3110 matis
531 3052 858 3111 ministerio
921 3053 1163 3111 ineunte
1223 3052 1453 3112 saeculo
1517 3053 1725 3129 quinto
1786 3051 1877 3110 usi
1941 3072 2066 3110 esse
2110 3052 2406 3124 videntur,
2454 3085 2541 3096 --

299 3147 582 3217 quantum
631 3141 904 3217 cognosci
948 3147 1147 3219 potest
1194 3162 1267 3199 ex
1312 3142 1576 3217 symbolo
1633 3142 1735 3199 illo
1780 3142 2119 3218 regularum
2180 3140 2319 3198 fidei
2380 3162 2540 3200 more

299 3236 359 3288 et
405 3235 707 3288 contracto
757 3238 817 3289 et
863 3237 1054 3300 auct0,
1104 3230 1263 3305 quod
1310 3236 1506 3288 exstat
1550 3231 1615 3288 in
1643 3230 1913 3301 Patricii,
1946 3230 2351 3288 Hibernorum
2399 3251 2536 3307 apo-

300 3318 465 3390 stoli,
529 3319 767 3377 natione
830 3318 1125 3391 Britonis,
1190 3319 1553 3378 confessione
1610 3320 1715 3394 (H.
1762 3318 1880 3377 and
1926 3317 2016 3377 St.
2062 3317 2147 3391 II,
2198 3320 2234 3375 2
2283 3340 2340 3395 p.
2390 3320 2538 3377 297.

300 3407 496 3479 Hahn,
544 3403 875 3467 Bibliothelc
920 3407 1026 3467 der
1055 3404 1345 3488 Symbola.
1384 3408 1570 3466 1877.
1601 3429 1659 3485 p.
1695 3409 1849 3484 268)
1884 3443 1963 3451 —
2000 3414 2061 3466 et
2105 3408 2193 3466 ita
2239 3409 2540 3486 discrepat

301 3517 428 3554 cum
490 3516 559 3554 ea
618 3497 868 3572 symboli
928 3496 1240 3575 apostolici
1300 3498 1488 3554 forma
1510 3540 1524 3567 ‚
1586 3517 1702 3572 qua
1751 3496 2008 3556 Romani
2067 3502 2208 3554 tunc
2254 3497 2539 3574 temporis

300 3587 624 3644 utebantur
670 3585 895 3660 (Hahn,
945 3608 1000 3663 p.
1056 3586 1134 3643 13
1183 3606 1312 3663 sqq.
1361 3586 1430 3646 cf.
1476 3585 1780 3657 Harnack,
1829 3584 1964 3644 Art.
2013 3584 2429 3663 Apostolicum
2474 3586 2538 3643 in

302 3672 722 3750 Herzog-Plitt
766 3675 840 3733 R.
887 3674 986 3752 E.)
1032 3682 1101 3734 ut
1145 3675 1446 3733 Romanos
1490 3674 1808 3733 Britonum
1856 3674 2155 3752 apostolos
2200 3674 2380 3733 fuisse
2427 3675 2539 3733 tibi

301 3763 400 3821 vix
430 3762 803 3840 persuadeas,
852 3770 912 3822 et
942 3764 1331 3823 orientalibus
1372 3763 1623 3840 symboli
1652 3763 1874 3835 formis,
1923 3762 2270 3839 quibuscum
2303 3763 2540 3822 Irenaei

305 3852 628 3928 symbolum
676 3852 1012 3928 congruisse
1058 3859 1310 3931 apparet
1355 3873 1428 3911 ex
1471 3851 1695 3929 regulis
1739 3851 1895 3923 fidei,
1945 3872 2095 3928 quae
2136 3853 2296 3929 apud
2342 3852 2537 3929 ipsum

300 3939 676 4018 reperiuntur
706 3939 931 4016 (Hahn,
969 3962 1027 4018 p.
1065 3942 1094 3998 1
1134 3945 1262 4019 sq.),
1310 3941 1558 4001 similior
1588 3947 1695 4013 est,
1743 3962 1919 4017 quam
1951 3941 2057 3999 ulli
2089 3941 2535 4000 occidentalium

302 4029 698 4104 symbolorum
743 4030 982 4088 formae.
1008 4029 1031 4065 1

482 4238 504 4270 ²
541 4237 697 4291 Proh
735 4237 926 4291 dolor!
992 4242 1052 4292 et
1085 4238 1260 4307 ipsius
1299 4240 1547 4294 auctoris
1594 4238 1984 4293 additamenta
2029 4244 2088 4293 et
2131 4238 2432 4293 verborum
2478 4240 2537 4292 in

303 4308 586 4364 codicibus
614 4310 971 4377 corruptelae
1005 4309 1340 4378 impediunt,
1381 4312 1678 4381 quominus
1717 4311 2035 4365 accuratius
2072 4311 2178 4364 hoc
2218 4311 2536 4381 symbolum
