3025 4909
1114 222 1547 282 -53,--

163 425 379 482 quam
412 404 760 479 Patricium,
808 403 1062 483 denique
1108 407 1331 462 certum
1378 423 1508 462 mea
1556 403 1791 482 quidem
1839 404 2134 466 sententia
2180 405 2438 482 aliquam

164 514 467 572 unquam
514 494 778 553 Patricio
826 514 958 553 cum
1003 493 1289 552 Romanis
1336 492 1514 552 fuisse
1563 494 2060 553 consuetudinem.

382 584 551 661 Ergo
601 584 743 661 quid
789 583 1026 658 mirum,
1087 583 1248 659 quod
1306 602 1495 659 neque
1549 583 1613 641 in
1658 583 1909 643 Patricii
1966 584 2201 663 scriptis
2247 605 2441 662 neque

170 674 345 732 alibi
396 674 714 751 quicquam
763 673 1036 747 occurrit,
1086 672 1244 750 quod
1291 672 1762 749 antiquissimam
1795 671 2104 732 Scotorum
2137 674 2441 734 ecclesiam

173 784 330 823 cum
396 763 696 838 Romana,
766 762 959 840 qualis
1018 767 1160 822 tunc
1222 767 1376 834 erat,
1447 781 1566 820 non
1626 762 1690 821 in
1752 762 2025 822 omnibus
2080 764 2440 823 consensisse

174 853 580 931 comprobet!

382 939 502 1000 Sed
569 962 644 1000 ne
713 941 1006 1020 quispiam
1075 947 1250 1020 putet
1317 940 1393 999 ad
1460 941 1770 999 obscuram
1850 948 2028 1020 atque
2108 947 2439 1001 contortam

176 1030 458 1091 Patricii
504 1030 811 1090 historiam
856 1030 1049 1090 redire
1098 1030 1501 1108 quaestionem
1549 1030 1621 1089 de
1669 1030 2115 1108 antiquissimae
2162 1032 2439 1090 ecclesiae

180 1122 517 1181 Scotorum
563 1127 777 1180 natura
824 1127 884 1179 et
931 1121 1216 1193 moribus,
1287 1125 1617 1179 extremum
1661 1119 1809 1178 illud
1866 1122 1968 1194 sit,
2039 1127 2108 1180 ut
2153 1127 2440 1199 repetam,

184 1231 352 1289 quae
401 1230 582 1288 supra
620 1212 744 1286 jam
792 1210 1008 1269 similia
1054 1210 1193 1268 dixi.
1254 1210 1429 1268 Licet
1456 1208 1597 1268 ficta
1639 1208 1718 1269 sit
1748 1209 2031 1289 Prosperi
2063 1210 2136 1269 de
2167 1210 2439 1269 Palladio

182 1299 493 1372 narratio,
542 1298 682 1360 licet
727 1319 1028 1377 nunquam
1073 1298 1369 1358 Patricius
1415 1298 1476 1357 in
1524 1298 1734 1372 Italia,
1782 1320 2084 1377 nunquam
2128 1300 2190 1357 in
2242 1298 2441 1358 Gallia

184 1390 410 1463 fuerit,
470 1395 669 1448 tamen
731 1390 872 1466 quia
915 1388 1226 1448 Britonem
1288 1407 1418 1446 eum
1463 1388 1643 1448 fuisse
1708 1396 1966 1462 constat,
2029 1388 2439 1466 antiquissima

187 1478 516 1539 Scotorum
565 1479 823 1553 ecclesia,
871 1498 1047 1554 quam
1093 1478 1191 1536 ille
1236 1478 1298 1536 in
1344 1478 1641 1536 Hibernia
1687 1479 2022 1552 constituit,
2070 1480 2145 1538 ab
2194 1478 2439 1537 ecclesia

186 1569 475 1628 Romana
520 1568 830 1629 dissentire
874 1586 992 1626 non
1040 1566 1255 1646 potuit.
1348 1567 1564 1645 Itaque
1610 1568 1713 1645 qui
1758 1569 1940 1628 fuerit

291 1835 603 1903 secundae
649 1834 955 1902 ecclesiae
1001 1832 1315 1901 Scotorum
1363 1833 1588 1901 aetatis
1635 1833 1838 1901 status
1885 1834 2349 1903 ecclesiasticus

189 2021 324 2094 jam
380 2016 549 2076 nobis
596 2015 963 2094 quarendum
1022 2020 1137 2090 est,
1200 2036 1268 2075 ac
1321 2015 1577 2128 primum
1636 2014 1900 2092 quidem,
1961 2022 2031 2076 ut
2086 2036 2266 2096 supra
2315 2019 2438 2093 jam

200 2106 475 2181 diximus,
523 2105 925 2184 quaerendum
972 2126 1045 2163 ex

705 2299 1028 2367 columbae
1075 2298 1315 2368 abbatis
1365 2298 1623 2366 Ηίἱεηείε
1671 2298 1937 2366 historia.

202 2466 300 2525 De
345 2463 658 2538 Columba,
728 2466 944 2523 abbate
990 2462 1227 2522 Hiiensi
1290 2462 1390 2522 vix
1449 2463 1624 2542 plura
1683 2469 1979 2538 constare,
2050 2483 2227 2543 quam
2288 2485 2441 2541 quae

202 2554 372 2613 Beda
415 2560 686 2612 narraret
732 2553 814 2630 (h.
849 2574 895 2612 e.
931 2554 987 2628 3,
1023 2553 1062 2611 4
1110 2558 1172 2612 et
1220 2552 1276 2625 3,
1313 2551 1394 2609 25
1444 2553 1517 2611 cf.
1554 2551 1610 2626 5,
1644 2553 1709 2628 9)
1742 2550 2070 2612 Schoellius
2117 2554 2178 2611 in
2226 2553 2437 2614 disser-

205 2644 433 2704 tatione
478 2662 586 2702 sua
635 2648 941 2702 censuerat
990 2646 1069 2722 (p.
1106 2643 1232 2719 61),
1278 2648 1488 2719 postea
1521 2641 1789 2719 (Herzog
1819 2641 1893 2700 R.
1924 2642 1997 2700 E.
2032 2644 2088 2716 2,
2125 2643 2280 2720 788)
2311 2644 2438 2722 ipse

205 2731 439 2793 addidit
482 2731 669 2790 vitam
717 2732 1037 2792 Columbae
1083 2734 1159 2791 ab
1205 2729 1584 2805 Adamnano,
1649 2735 1708 2789 et
1762 2731 1892 2809 ipso
1940 2733 2156 2791 abbate
2203 2732 2439 2792 Hiiensi

208 2820 586 2900 (679—704
617 2820 695 2878 Η.
730 2820 847 2880 and
879 2819 965 2881 St.
997 2820 1083 2895 H,
1124 2823 1175 2894 1,
1206 2842 1264 2899 p.
1305 2820 1472 2898 135),
1521 2820 1915 2899 conscriptam
1947 2819 2111 2898 (Act.
2146 2819 2251 2881 SS.
2282 2820 2437 2881 Boll.

206 2913 254 2973 J
255 2912 335 2971 uli
369 2912 425 2983 9,
455 2932 514 2989 p.
555 2911 674 2967 197
710 2930 838 2988 sqq.
871 2916 930 2969 et
962 2910 1148 2986 alibi),
1195 2930 1373 2988 quam
1414 2922 1594 2969 antea
1638 2916 1882 2987 propter
1926 2911 2174 2985 fabulas,
2224 2911 2439 2988 quibus

211 3000 494 3071 abundat,
557 2998 912 3059 Adamnano
973 3000 1300 3060 attribuere
1360 2998 1757 3059 dubitaverat.
1863 2999 1946 3058 Et
2016 3000 2241 3079 optimo
2304 3004 2438 3077 jure

212 3090 463 3169 priorem
510 3108 674 3147 suam
720 3089 1070 3148 sententiam
1105 3087 1432 3148 Schoellius
1464 3088 1756 3167 deposuit.
1818 3088 1991 3148 Licet
2024 3089 2180 3148 enim
2212 3089 2435 3148 Adam-

213 3199 396 3239 nanus
453 3183 682 3237 tantam
743 3178 917 3237 fidem
979 3177 1277 3237 miraculis
1339 3178 1708 3254 adjunxerit,
1769 3183 1839 3236 ut
1883 3179 1978 3237 vel
2037 3178 2310 3238 absurdis
2370 3199 2438 3238 ac

214 3269 382 3349 plane
441 3267 662 3347 ineptis
721 3269 900 3327 rebus
959 3268 1215 3345 gaudeat
1276 3269 1350 3343 (e.
1392 3288 1447 3345 g.
1484 3269 1540 3341 2,
1577 3266 1678 3341 53,
1724 3288 1782 3345 p.
1820 3268 1991 3344 217),
2038 3302 2125 3312 -
2173 3267 2315 3345 quid
2361 3268 2438 3327 ad

215 3357 370 3418 rem?
444 3357 655 3418 Nonne
726 3357 881 3415 idem
950 3357 1171 3434 ubique
1242 3362 1303 3415 et
1362 3357 1522 3435 apud
1581 3376 1783 3415 omnes
1851 3357 1973 3415 fere
2036 3358 2160 3434 ejus
2221 3358 2438 3417 aetatis

217 3449 522 3527 scriptores
569 3446 862 3504 occurrit?
930 3444 1033 3505 An
1081 3446 1291 3505 ceteris
1347 3444 1697 3505 eruditiores
1753 3452 1924 3505 erant
1970 3444 2157 3521 Scoti,
2218 3446 2437 3507 diversi

220 3537 384 3597 etiam
441 3535 545 3593 illa
598 3554 662 3593 re
718 3536 793 3594 ab
840 3536 1112 3595 omnibus
1167 3536 1426 3611 ejusdem
1484 3535 1699 3594 aetatis
1758 3535 2134 3596 hominibus?
2200 3535 2437 3595 Revera

157 3649 162 3654 ·
220 3625 556 3698 Schoellius,
607 3644 736 3682 cum
785 3625 1261 3685 dissertationem
1308 3645 1471 3684 suam
1519 3624 1944 3698 conscriberet,
2007 3625 2153 3685 talia
2199 3624 2436 3685 videtur

221 3714 496 3793 cogitasse
557 3733 746 3790 neque
794 3715 982 3774 adhuc
1027 3714 1200 3773 hodie
1247 3714 1489 3789 desunt,
1562 3714 1664 3790 qui
1725 3714 1971 3773 eandem
2031 3715 2238 3775 falsam
2300 3735 2433 3794 per-

223 3805 533 3865 suasionem
581 3803 695 3862 sibi
742 3803 1058 3864 induerint.
1119 3803 1211 3862 Ea
1258 3803 1389 3883 ipsa
1436 3804 1507 3864 de
1540 3823 1713 3863 causa
1759 3803 1830 3862 de
1877 3803 1969 3862 his
2000 3805 2183 3863 verba
2230 3803 2436 3864 fecisse

223 3893 368 3952 haud
414 3895 488 3953 ab
534 3912 599 3950 re
645 3893 811 3951 duco.
900 3893 1396 3953 Luculentissime
1428 3893 1583 3950 enim
1616 3899 1676 3952 et
1705 3891 1999 3951 Muirchui
2031 3894 2158 3953 vita
2187 3893 2435 3952 Patricii

225 3989 280 4043 et
328 3981 661 4041 Adamnani
714 3983 842 4041 vita
888 3981 1237 4056 Columbae,
1307 3982 1509 4042 eodem
1564 3983 1685 4040 fere
1739 3987 2003 4061 tempore
2058 3983 2434 4061 compositae,

225 4074 616 4131 demonstrant
661 4071 870 4131 Scotos
916 4073 1116 4131 eadem
1173 4070 1351 4131 fuisse
1399 4071 1777 4147 credulitate,
1824 4072 2053 4146 eodem,
2115 4094 2187 4131 ne
2244 4071 2434 4131 dicam

225 4165 446 4238 majore,
493 4160 905 4220 miraculorum
952 4182 1150 4221 amore
1183 4167 1242 4220 et
1282 4160 1495 4235 studi0,
1545 4166 1723 4239 atque
1771 4182 1971 4220 omnes
2017 4161 2174 4220 illius
2222 4162 2435 4221 aetatis

225 4250 572 4311 christianos.

384 4340 476 4398 De
523 4339 731 4398 ceteris
777 4345 974 4398 autem
1021 4338 1342 4399 Columbae
1387 4337 1530 4399 vitis
1561 4360 1597 4398 a
1628 4339 1891 4417 Colgano
1926 4338 2127 4415 (Trias
2158 4338 2434 4418 Thaum.)
