3025 4909
1130 201 1558 260 ...51-

189 378 535 461 perfectos.
598 381 769 455 Quod
816 382 950 458 quis
995 382 1241 440 audiens
1285 380 1402 440 sibi
1438 381 1796 460 persuadeat
1839 382 2065 441 nullum
2113 389 2254 441 tunc
2283 383 2463 442 fuisse

188 471 282 529 in
358 471 655 530 Hibernia
717 471 1056 551 episcopum
1117 470 1367 530 similem
1428 477 1728 548 potestate
1786 472 1890 546 iis,
1952 472 2055 549 qui
2113 471 2463 549 Hieronymi

189 560 599 639 temporibus
643 560 918 620 fuerant?

420 649 690 710 Tertium
738 651 896 727 quod
926 650 1087 730 apud
1117 649 1538 710 Adamnanum
1570 649 1975 729 episcoporum
2007 650 2097 710 ita
2125 649 2196 710 fit
2225 651 2463 723 menti0,

199 744 296 797 ut
347 760 468 798 non
515 740 701 799 solum
748 746 1037 818 appareat
1080 737 1501 799 Adamnanum
1548 740 1755 800 fecisse
1802 740 2117 799 discrimen
2163 740 2321 799 inter
2367 760 2464 798 eos
2546 753 2551 758 “

208 829 338 906 qui
387 829 651 908 episcopi
696 835 758 888 et
803 850 902 889 eos
949 829 1051 906 qui
1095 831 1346 914 abbates
1392 830 1807 907 apellabantur
1855 830 1997 905 (vid.
2032 830 2089 902 3,
2124 831 2205 888 90
2254 830 2318 887 111
2346 829 2464 887 fine

202 940 281 997 p.
320 919 451 975 229
487 919 556 979 cf.
593 920 719 996 91),
766 919 869 979 sed
915 920 1095 979 etiam
1140 925 1209 978 ut
1254 920 1630 979 manifestum
1669 918 1776 978 fiat
1819 918 2013 996 ipsum
2043 918 2462 978 Adamnanum

204 1013 473 1086 putasse
521 1007 767 1085 singulis
797 1009 1093 1088 episcopis
1124 1009 1304 1069 fuisse
1335 1008 1675 1088 parochiam
1708 1006 1884 1069 certis
1914 1007 2130 1068 finibus
2175 1008 2462 1068 inclusam

207 1098 311 1173 (1,
367 1098 469 1170 29,
516 1119 574 1175 p.
623 1098 749 1155 208
812 1118 1001 1170 „unus
1060 1096 1133 1158 de
1182 1096 1540 1180 praepositis
1594 1106 1725 1157 tuae
1769 1095 2119 1158 dioeceseos“
2166 1100 2237 1156 cf.
2286 1118 2464 1176 supra

208 1208 283 1265 Ρ.
322 1185 433 1260 59;
489 1188 541 1259 1,
590 1187 691 1261 40,
736 1208 792 1265 p.
828 1189 974 1246 212.
1023 1189 1079 1260 3,
1131 1189 1231 1261 90,
1282 1189 1409 1245 229
1457 1186 1796 1267 „episcopus
1842 1183 2217 1268 Layinmsis‘
2221 1180 2306 1266 ‘?)

413 1274 705 1349 Quartum
750 1276 1021 1354 denique,
1069 1277 1243 1353 quod,
1284 1278 1438 1336 sicut
1468 1283 1675 1354 postea
1707 1277 2051 1351 videbimus,
2097 1276 2160 1335 in
2189 1276 2463 1337 Nordan-

210 1364 507 1442 hymbria
551 1366 720 1424 sedes
767 1367 1131 1445 episcopales
1176 1387 1296 1425 11011
1342 1367 1673 1426 defuerunt.

411 1453 581 1528 Quae
628 1475 759 1514 cum
792 1456 882 1516 ita
910 1456 1046 1530 sint,
1078 1456 1140 1514 in
1171 1456 1275 1515 illo
1307 1457 1409 1516 vix
1440 1476 1601 1535 papa
1648 1455 1888 1527 erravit,
1920 1456 2079 1531 quod
2109 1454 2463 1513 Hiberniam

217 1544 293 1604 in
357 1544 722 1624 episcopales
780 1546 1088 1623 parochias
1151 1545 1398 1606 divisam
1471 1566 1594 1605 esse
1659 1545 1914 1624 putavit.
2021 1545 2187 1618 Quae
2249 1543 2462 1604 divisio

223 1654 377 1691 num
423 1654 685 1710 unquam
730 1635 978 1712 legibus·
1008 1635 1237 1694 sancita
1281 1635 1384 1708 sit,
1438 1635 1504 1692 in
1551 1634 1743 1693 medio
1790 1635 2086 1711 relinqu0,
2144 1633 2284 1710 quia
2330 1654 2462 1692 con-

217 1722 557 1799 jiciendum
618 1730 710 1783 est
771 1745 898 1783 eam
956 1727 1283 1803 profectam
1344 1744 1469 1784 esse
1538 1724 1610 1782 de
1671 1723 1832 1784 civili
1889 1723 2095 1803 populi
2150 1722 2464 1782 Hibernici

226 1812 541 1887 divisione,
588 1813 661 1872 de
709 1834 825 1891 qua
871 1835 1052 1892 supra
1096 1815 1319 1873 dictum
1367 1820 1457 1873 est
1502 1815 1587 1891 (p.
1625 1812 1750 1890 56).

413 1902 489 1961 In
534 1902 782 1980 singulis
827 1909 1024 1962 autem
1069 1903 1365 1983 parochiis
1412 1903 1515 1980 qui
1560 1902 1745 1963 fuerit
1798 1908 1990 1964 status
2038 1901 2464 1961 ecclesiasticus

236 1991 401 2050 haud
444 1993 617 2052 facile
664 1998 755 2052 est
817 1994 891 2053 ad
950 1993 1442 2071 cognoscendum,
1506 1993 1645 2070 quia
1703 1993 1767 2050 in
1827 1992 2018 2051 medio
2077 1991 2465 2068 relinquenda

237 2087 333 2139 est
364 2081 506 2140 haec
534 2082 885 2159 gravissima
916 2083 1200 2159 quaestio,
1246 2088 1445 2142 utrum
1485 2102 1686 2142 omnes
1733 2082 2009 2161 episcopi,
2058 2101 2256 2140 omnes
2302 2101 2463 2158 pres-

241 2170 439 2246 byteri
484 2177 544 2230 et
600 2171 834 2231 diaconi
896 2173 1167 2231 monachi
1227 2173 1468 2247 fuerint,
1532 2192 1606 2230 an
1664 2178 1907 2250 praeter
1965 2172 2291 2249 permultos
2350 2191 2463 2242 eos,

238 2259 344 2337 qui
388 2262 790 2320 monachicam
836 2261 1022 2321 vitam
1069 2261 1328 2340 amplexi
1375 2266 1572 2335 erant,
1633 2261 1735 2320 alii
1793 2261 2018 2319 fuerint
2073 2260 2273 2319 clerici
2318 2259 2466 2317 nulli

235 2350 597 2410 monasterio
644 2350 904 2428 ascripti.
997 2351 1380 2428 Negaverunt
1436 2352 1588 2409 hanc
1644 2350 2045 2429 quaestionem
2094 2349 2358 2409 'Poddius
2405 2355 2465 2407 et

238 2437 496 2498 Skenius
542 2439 651 2516 (II,
698 2462 754 2517 p.
809 2439 918 2516 42)
975 2460 1165 2518 neque
1230 2461 1338 2518 ego
1397 2440 1732 2499 dubitarem
1794 2439 2070 2499 accedere
2133 2439 2210 2498 ad
2263 2458 2462 2498 eorum

236 2528 611 2630 sententiam,
643 2529 757 2588 nisi
786 2549 980 2607 pauca
1010 2536 1221 2603 essent,
1270 2549 1420 2606 quae
1450 2550 1574 2588 rem
1606 2531 1668 2588 in
1699 2530 2133 2589 dubitationem
2164 2534 2462 2589 vocarent.

236 2616 411 2676 Dixit
474 2618 629 2676 enim
689 2618 1023 2695 aliquando,
1069 2625 1139 2678 ut
1200 2619 1373 2678 modo
1421 2618 1886 2691 commemoravi,
1934 2618 2223 2678 Columba
2267 2619 2463 2677 Luxo-

237 2706 472 2778 viensis,
521 2699 800 2765 Sanctum
829 2705 1260 2789 Hieronymum
1290 2704 1535 2788 jussisse
1579 2707 1874 2791 episcopos
1909 2706 2136 2767 imitari
2177 2703 2464 2787 apostolos

235 2790 548 2854 monachos
593 2813 729 2855 vero
774 2794 1029 2856 docuisse
1073 2796 1233 2879 sequi
1258 2804 1466 2878 patres
1501 2795 1823 2879 perfect0⁸‚·
1882 2794 2003 2856 alia
2056 2795 2208 2856 em‘m
2252 2815 2370 2856 esse
2414 2803 2465 2854 et

237 2881 358 2943 alia
416 2880 753 2944 clericorum
815 2893 867 2944 et
925 2882 1342 2946 monachorum
1402 2885 1745 2947 docunwnta
1791 2894 1843 2947 et
1896 2884 2061 2968 lonye
2104 2883 2179 2945 ab
2223 2883 2465 2944 invicem

237 2981 511 3052 separata
557 2975 676 3052 (ep.
712 2976 749 3032 2
796 2974 938 3034 bibl.
986 2996 1137 3049 max,
1183 2982 1340 3053 patr.
1380 2976 1477 3048 12,
1523 2997 1581 3053 p.
1616 2977 1696 3033 26
1731 2976 1850 3052 D.).
1914 2977 2087 3049 Quod
2133 2975 2240 3035 etsi
2274 2973 2464 3033 Gallis

238 3062 460 3122 dictum
508 3069 615 3137 est,
663 3070 861 3123 tamen
905 3065 1297 3142 suspicionem
1343 3070 1542 3124 movet
1586 3065 1649 3123 in
1681 3064 1974 3124 Hibernia
2006 3085 2239 3142 quoque
2283 3064 2464 3122 fuisse

241 3153 563 3231 episcopos,
613 3152 715 3230 qui
761 3154 1030 3213 monachi
1078 3175 1194 3213 non
1243 3160 1434 3214 essent
1469 3160 1628 3213 certe
1673 3175 1794 3213 non
1841 3155 2101 3231 ejusdem
2148 3152 2464 3213 strictioris

241 3241 648 3301 observantiae
694 3243 966 3301 monachi
1012 3249 1192 3320 atque
1239 3242 1531 3302 Columba
1578 3244 1673 3318 (cf.
1720 3243 1920 3320 infra).

417 3330 617 3405 Quid?
663 3331 874 3392 Nonne
920 3337 982 3391 et
1027 3332 1155 3410 ipse
1199 3333 1298 3391 1110
1344 3331 1542 3392 Aidus
1587 3330 1899 3392 civitatis
1939 3326 2272 3412 Sleptiemis
2317 3328 2462 3413 epis-

240 3439 418 3498 copus
464 3420 625 3495 (Lib.
656 3420 868 3480 Ardm.
901 3419 1096 3498 Capit.
1128 3421 1292 3493 Aidi,
1338 3421 1609 3482 Betham.
1643 3421 1727 3494 II,
1760 3442 1897 3500 app.
1928 3421 2172 3499 XLIV)
2219 3420 2463 3480 eandem

244 3508 628 3586 suspicionem
675 3530 910 3570 movere
956 3517 1181 3588 potest,
1244 3511 1598 3587 simulatque
1659 3511 1897 3589 legeris,
1946 3531 2096 3589 quae
2141 3510 2214 3568 de
2260 3509 2462 3568 discri-

242 3598 391 3656 mine
422 3598 580 3656 inter
611 3599 915 3678 episcopos
947 3600 1285 3660 monasterii
1319 3606 1378 3659 et
1419 3600 1725 3678 episcopos
1771 3600 2030 3660 civitatis
2060 3598 2464 3675 Harttungius

243 3687 490 3764 protulit
538 3688 1056 3766 (Diplomat.-hist.
1103 3689 1345 3749 Forsch.
1394 3710 1451 3767 p.
1503 3689 1584 3748 35
1635 3691 1705 3748 cf.
1761 3697 1883 3749 not.
1938 3689 2041 3767 1)?
2118 3688 2261 3747 Alia
2326 3708 2462 3747 vero

244 3778 412 3851 hujus
458 3777 544 3836 rei
591 3778 932 3838 testimonia
977 3800 1070 3837 me
1118 3800 1236 3838 non
1282 3779 1579 3839 invenisse
1627 3778 1935 3852 confiteor,
1991 3779 2095 3838 sed
2139 3778 2297 3837 haud
2344 3778 2462 3836 scio

246 3885 318 3924 an
369 3860 549 3940 justo'
595 3867 729 3944 plus
790 3868 906 3927 viri
965 3869 1125 3928 docti
1201 3869 1491 3927 rationem
1561 3868 1878 3928 habuerint
1937 3868 2192 3927 vitarum
2261 3887 2463 3926 eorum

246 3953 617 4028 Sanctorum,
680 3976 827 4032 quos
889 3958 1201 4017 monachos
1261 3957 1440 4017 fuisse
1505 3963 1729 4016 certum
1786 3963 1892 4017 est.
1983 3956 2086 4016 An
2132 3955 2463 4015 mirandum

246 4049 408 4117 esset,
456 4045 629 4122 quod,
677 4047 727 4105 si
775 4046 878 4123 qui
923 4047 1175 4107 fuissent
1221 4047 1283 4105 in
1330 4047 1574 4105 ecclesia
1621 4047 1933 4108 Scotorum
1980 4047 2254 4125 episcopi,
2302 4065 2461 4124 pres·

245 4134 450 4211 byteri,
498 4134 745 4208 diaconi,
796 4136 900 4213 qui
945 4136 1218 4195 monachi
1264 4157 1381 4195 non
1429 4142 1647 4210 essent,
1695 4137 1976 4195 memoria
2023 4156 2223 4195 eorum
2270 4135 2463 4194 deleta

246 4230 393 4283 esset
456 4225 615 4302 apud
673 4224 836 4299 illos,
917 4226 1019 4302 qui
1081 4225 1497 4284 monachorum
1560 4225 1714 4285 vitas
1775 4224 2252 4285 conscriberent?
2345 4223 2464 4283 Sed
