3025 4909
1186 204 1630 261 —99—

188 380 486 456 magni
535 379 846 438 aestimata
893 380 968 438 ab
1016 380 1145 457 ipso
1188 380 1482 453 Ebrard‘O,
1530 401 1579 441 c.
1634 380 1708 437 11
1760 380 1840 438 ib.
1888 400 2024 439 ann.
2074 380 2219 453 655,
2266 402 2323 459 p.
2358 381 2538 458 425),

190 468 505 540 «credat,
553 468 816 544 inquam,
849 467 1126 527 Ebrardo
1157 470 1290 527 illas
1322 469 1708 546 reliquiarum
1741 474 1802 527 et
1833 475 2171 530 sanctorum
2204 471 2532 529 mentiones

193 556 689 618 additamenta
753 576 881 615 esse
950 558 1327 635 scriptorum,
1401 559 1616 633 quibus
1680 562 1913 616 sanctos
1976 558 2346 617 exornandos
2406 575 2531 618 esse

198 650 598 723 perperam
642 644 735 702 illi
778 646 1153 723 putaverint;
1207 679 1281 689 -
1335 646 1542 706 credat
1571 646 1919 705 Columbam
1965 647 2307 723 saepissime
2347 648 2530 706 verba

202 735 488 793 fecisse
535 734 609 791 de
657 731 877 793 Sancto
922 730 1101 794 Petro
1115 782 1130 811 ,
1191 732 1409 795 Sancto
1455 731 1680 805 Paul0,
1726 731 1945 814 Sancto
1991 732 2358 814 Hieronymo
2406 735 2534 810 (sed

206 822 336 880 de
388 817 681 896 „Ea-sebio
710 817 1109 882 Caesariensi“
1149 844 1241 902 ep.
1270 824 1328 897 5,
1348 845 1406 902 p.
1432 824 1518 883 32
1545 822 1649 900 A),
1680 823 1784 882 sed
1812 824 1923 881 hoc
1953 844 2072 882 non
2103 824 2280 882 aliter
2308 824 2532 883 dictum

211 931 408 970 «esse
455 918 638 987 atque
683 911 834 969 illud
887 911 1084 984 „vivus
1127 932 1377 993 namque
1420 920 1653 972 sanctim
1697 911 2005 973 emendare
2028 920 2233 994 potest,
2279 930 2427 993 quae
2453 910 2532 971 ab

216 996 464 1059 altero
519 995 747 1079 majore
790 999 1098 1059 emendata
1141 1019 1259 1060 non
1287 999 1554 1083 Μήτ’(
1608 1006 1722 1078 (ep.
1774 1002 1829 1073 5,
1877 1022 1936 1078 p.
1984 1001 2069 1059 32
2115 1000 2193 1076 G)
2239 1002 2336 1060 vel
2383 1001 2533 1059 illud

239 1109 365 1162 „a
420 1085 640 1147 Sancto
696 1085 975 1148 Candido
1029 1095 1163 1149 ιιιοιι
1224 1091 1331 1165 (ib.
1392 1111 1450 1168 p.
1502 1091 1585 1148 33
1632 1088 1741 1166 Β),
1789 1117 1872 1134 ——-—
1922 1090 2125 1149 credat
2179 1089 2532 1148 Columbam

233 1177 524 1255 petiisse
572 1197 608 1235 a
655 1178 845 1254 papis,
892 1184 961 1236 ut
1005 1199 1113 1255 pro
1160 1198 1225 1238 se
1272 1187 1504 1238 orarent
1521 1175 1703 1258 juoeta
1731 1175 1856 1237 loco
1885 1185 2087 1237 sancta
2117 1187 2169 1238 et
2197 1186 2535 1238 sanctorum

235 1264 535 1325 cineres“
588 1268 709 1343 (ep.
758 1266 816 1336 4,
864 1286 921 1342 Ρ.
972 1267 1049 1324 31
1087 1267 1141 1325 Ε
1189 1274 1250 1327 ct
1294 1288 1385 1346 cp.
1440 1269 1493 1341 1,
1539 1288 1596 1343 p.
1647 1266 1731 1324 24
1763 1265 1859 1343 F),
1905 1267 2008 1326 sed
2053 1267 2107 1325 ei
2152 1283 2396 1343 prorsus
2442 1265 2531 1325 in-

246 1359 656 1432 compertum
687 1354 886 1426 fuisse,
920 1355 1213 1431 quomodo
1245 1376 1437 1434 papae
1468 1357 1728 1415 solerent
1759 1375 1930 1414 orare
1955 1358 2131 1431 juxta
2156 1356 2286 1413 loca
2309 1360 2532 1428 sancta,

248 1461 477 1520 neque
521 1442 916 1500 dubitandum
960 1464 1105 1517 esse,
1155 1446 1298 1520 quin
1345 1444 1471 1521 ipse
1519 1444 1827 1518 Columba,
1874 1444 1927 1503 si
1970 1444 2224 1503 Romam
2269 1444 2535 1503 venisset

244 1526 645 1612 Greyom’um
690 1551 935 1608 papam,
981 1539 1052 1592 ut
1097 1533 1210 1604 ait,
1257 1532 1598 1595 demam-ans
1643 1551 1761 1592 non
1807 1528 2072 1592 Romam
2123 1528 2324 1606 „salva
2368 1552 2532 1592 sano·

248 1628 479 1679 torum
523 1618 840 1679 reverentia
885 1618 1179 1679 cinerum“
1233 1623 1348 1698 (ep.
1399 1622 1454 1694 5,
1501 1644 1560 1699 Ρ.
1611 1622 1693 1680 33
1726 1621 1804 1693 A,
1853 1623 1925 1680 cf.
1973 1621 2250 1698 Fleming
2294 1643 2353 1700 p.
2391 1621 2536 1693 159,

258 1727 420 1767 nam
467 1708 630 1766 Bibl.
676 1728 830 1767 max.
878 1730 935 1786 p.
984 1709 1066 1768 33
1115 1708 1177 1768 A
1232 1710 1499 1770 invenies
1556 1709 1853 1786 cinerem),
1910 1712 2087 1787 longe
2134 1711 2310 1768 aliter
2354 1717 2536 1786 atq'ue

268 1817 475 1876 papae
522 1804 802 1856 oraturus
833 1797 1016 1857 fuerit
1039 1801 1216 1874 juxta
1242 1805 1585 1859 sanctorum
1620 1798 1863 1871 cineres,
1912 1799 2181 1875 quamvis
2213 1799 2340 1875 ipse
2373 1799 2535 1858 dicat

272 1886 627 1962 (instructio
683 1884 735 1957 I,
798 1885 959 1943 Bibl.
1020 1905 1175 1945 max.
1237 1888 1334 1960 12,
1395 1907 1454 1966 p.
1509 1890 1587 1945 10
1644 1888 1728 1964 D)
1787 1885 1965 1946 deum
2011 1905 2129 1967 per
2200 1894 2536 1945 sanctorum
2641 1918 2646 1922 ·

269 1994 525 2034 suorum
582 1972 793 2032 merita
850 1982 903 2032 et
954 1973 1299 2034 interventus
1345 1976 1641 2036 orandum
1687 1996 1839 2047 esse3
1890 2009 1966 2020 -—
2019 1976 2373 2053 persuadeat
2420 1976 2537 2034 sibi
2629 1976 2635 1981 ’

272 2062 637 2121 Columbo-m
699 2062 1039 2122 Turonibus
1102 2064 1375 2124 visitasse
1445 2066 1778 2143 sepulcrum
1833 2062 1967 2124 ‘Soti
2028 2064 2274 2123 Martini
2344 2083 2536 2141 neque

276 2152 539 2211 coluisse
592 2171 731 2210 eum
776 2159 845 2210 ut
891 2152 995 2210 alii
1038 2152 1200 2211 illius
1247 2153 1462 2213 aetatis
1508 2153 1808 2225 catholici,
1866 2154 2139 2229 quamvis
2183 2153 2374 2212 Jonas
2419 2153 2536 2212 Co-

281 2241 549 2299 lumbam
607 2240 858 2299 inducat
917 2242 1207 2300 dicentem
1256 2259 1376 2302 non
1428 2241 1650 2302 ideireo
1695 2240 1778 2301 ad
1822 2239 1947 2322 ejus
1993 2242 2290 2318 (Martini)
2336 2261 2395 2300 se
2440 2260 2535 2302 ex-

276 2325 525 2387 cubasse
583 2326 885 2409 reliquiae,
949 2338 1013 2388 ut
1068 2326 1167 2390 me
1221 2350 1330 2389 ..ma
1384 2347 1455 2390 ac
1500 2350 1743 2391 suorum
1786 2330 1992 2389 sineret
2036 2330 2262 2389 damna
2293 2328 2543 2409 patrari

260 2415 551 2497 fratrum
594 2417 727 2491 (vit.
773 2417 900 2476 Col.
949 2418 1051 2491 44,
1098 2439 1154 2495 Ρ.
1202 2420 1308 2492 23,
1356 2421 1428 2478 cf.
1478 2421 1580 2492 42,
1628 2440 1686 2497 p.
1736 2417 1864 2493 22).

467 2504 648 2563 Aliae
689 2513 890 2564 autem
939 2508 1089 2566 duae
1145 2508 1256 2566 hoc
1301 2509 1430 2566 loco
1477 2509 1774 2567 exsistunt
1834 2508 2240 2584 quaestiones,
2304 2507 2536 2585 dignae,

281 2611 442 2671 quae
504 2614 709 2652 severe
767 2597 1204 2669 examinentur,
1268 2597 1460 2675 prior,
1525 2597 1668 2673 quid
1697 2596 2039 2655 ’Columbae
2093 2605 2157 2655 et
2218 2597 2362 2655 socii
2409 2600 2538 2672 ejus

273 2682 689 2759 judicaverint
728 2683 807 2741 de
854 2685 1203 2761 virginitate
1252 2691 1312 2744 et
1357 2686 1431 2743 de
1479 2686 1821 2744 clericorum
1870 2685 2280 2758 matrimoniis,
2329 2687 2538 2758 altera,

290 2789 436 2830 num
482 2772 602 2830 alia
644 2771 832 2829 fuerit
877 2773 1034 2849 apud
1083 2775 1270 2832 socios
1312 2768 1640 2833 Columbae
1687 2776 1814 2834 vita
1859 2775 2203 2834 monachica
2246 2780 2429 2851 atque
2477 2775 2540 2830 in

284 2861 537 2920 univero.
562 2860 811 2919 ecclesia
834 2867 896 2919 et
921 2861 1064 2937 quid
1088 2860 1160 2920 de
1185 2864 1601 2921 monachorum
1626 2863 1752 2922 vita
1777 2863 1903 2939 ipse
1923 2862 2214 2921 Columba
2237 2862 2538 2922 statuerit.

465 2948 687 3007 ’Scotos
734 2949 822 3025 [et
866 2949 1171 3028 Britones]
1219 2951 1292 3008 de
1353 2952 1698 3010 clericorum
1756 2951 2152 3010 matrimoniis
2208 2972 2329 3010 non
2382 2952 2540 3009 idem

274 3038 543 3098 :sensisse
591 3037 752 3113 quod
799 3045 1028 3098 ceterae
1076 3038 1236 3097 illius
1283 3039 1499 3098 aet-atis
1547 3039 1826 3098 ecclesiae
1872 3060 1991 3098 non
2038 3042 2198 3099 solus
2229 3039 2538 3099 Ebrardus

295 3131 383 3205 (p.
416 3128 545 3184 206
596 3128 753 3202 sqq.)
801 3128 1139 3199 affirmavit,
1186 3126 1306 3199 sed,
1352 3147 1485 3185 cum
1517 3126 1912 3203 Rett‘bmgius
1945 3129 2005 3204 (Ι
2035 3150 2093 3207 p.
2129 3129 2255 3187 320
2287 3134 2349 3186 et
2385 3129 2539 3205 324)

279 3216 538 3274 eandem
587 3215 942 3274 sententiam
990 3216 1240 3288 tulisset,
1286 3215 1348 3273 in
1397 3214 1721 3274 Germania
1765 3217 2268 3293 evangelicorum,
2316 3216 2421 3292 qui
2466 3216 2539 3275 de

284 3304 616 3363 Britonum
649 3302 1078 3381 Scotorumque
1110 3304 1369 3364 ecclesiis
1399 3305 1586 3364 verba
1613 3306 1900 3379 fecerunt,
1948 3325 2166 3378 omnes,
2198 3305 2315 3364 nisi
2345 3306 2538 3379 fallor,

276 3398 540 3471 excepto
588 3392 939 3468 LoeningiO,
989 3392 1232 3451 eandem
1278 3394 1487 3452 falsam
1532 3394 1973 3469 persuasionem
2022 3394 2137 3453 sibi
2183 3395 2539 3467 induerunt3

282 3482 436 3558 quin
501 3480 681 3541 etiam
744 3480 1054 3539 Scotorum
1121 3482 1439 3540 monachos
1511 3499 1954 3559 nonnumquam
2016 3483 2080 3540 in
2142 3483 2540 3542 matrimoniis

284 3570 510 3632 vixisse
534 3569 783 3628 Plit‘tius
806 3569 1082 3628 Ebrardo
1115 3571 1403 3629 concessit
1427 3570 1749 3647 (Erlanger
1773 3572 2122 3629 zeitschrift
2150 3572 2249 3628 fiir
2278 3571 2539 3630 Protest.

282 3679 345 3719 u.
394 3661 513 3718 Ke.
567 3658 767 3730 1864,
813 3678 872 3735 p.
923 3658 1095 3735 287),
1143 3678 1333 3735 neque
1390 3659 1711 3718 defuerunt
1764 3659 1827 3718 in
1873 3658 2129 3736 Anglia‚
2190 3660 2294 3736 qui
2341 3696 2424 3705 --
2473 3667 2542 3720 ut

285 3755 523 3807 taceam
587 3747 660 3805 de
722 3745 777 3803 M
788 3745 1114 3805 ’Lauchlan
1171 3767 1301 3806 cum
1347 3748 1625 3807 Ebrardo
1686 3747 2090 3807 consentiente
2139 3749 2236 3822 (cf.
2284 3747 2540 3822 Ebrard,

282 3835 555 3916 p.v11)
610 3867 683 3879 —-
736 3834 1030 3894 dicerent.
1087 3831 1240 3895 there
1298 3852 1402 3895 are
1450 3855 1767 3915 passam-3,
1829 3832 2016 3894 which.
2059 3853 2274 3914 prove,
2335 3833 2458 3895 that
2503 3857 2541 3895 a

282 3922 559 3984 *mm-ried
592 3919 941 4003 pn'esthood
997 3943 1121 3983 was
1166 3932 1266 3984 not
1325 3922 1614 3985 unknoum
1676 3923 1740 3982 in
1797 3922 2032 3983 various
2085 3932 2253 4006 parts
2313 3924 2436 3983 and
2480 3933 2544 3983 at

286 4011 532 4073 various
565 4010 812 4091 periods
859 4009 935 4093 of
967 4009 1058 4071 the
1091 4009 1266 4072 Celtic
1311 4010 1528 4073 church
1557 4012 1840 4089 (Warren
1873 4034 1929 4091 p.
1970 4014 2094 4091 13).
2164 4014 2357 4087 Quam
2397 4033 2541 4086 rem,
2555 4039 2586 4068 c

273 4121 426 4163 cum
469 4100 714 4159 maximi
756 4101 1045 4160 momenti
1089 4101 1166 4160 sit
1212 4101 1273 4159 in
1306 4102 1690 4162 aestimandis
1730 4103 1907 4161 rebus
1938 4122 1974 4160 a
2003 4102 2309 4161 Bonifatio
2340 4102 2543 4179 gestis,

286 4191 499 4271 paullo
548 4191 857 4249 verbosius
905 4190 1086 4248 etiam
1131 4190 1242 4249 hoc
1288 4192 1417 4249 loco
1464 4197 1725 4250 tractare
1772 4191 1917 4249 mihi
1960 4192 2154 4250 liceat.

475 4277 809 4338 Exordium
854 4278 1044 4356 igitur
1086 4278 1328 4357 capiens
1374 4300 1410 4337 a
1455 4280 1875 4338 monachorum
1913 4280 2305 4340 matrimoniis
2349 4282 2546 4340 fateor

2042 4380 2117 4434 7*
