3025 4909
1086 214 1577 271 -111-

389 393 662 451 Primum
706 392 911 469 igitur,
956 413 1031 450 ne
1078 392 1375 463 miremur,
1419 391 1582 467 quod
1625 392 1832 468 regula
1876 391 2012 463 ista,
2058 390 2121 449 in
2166 410 2284 467 qua
2328 410 2461 469 por·

188 483 404 542 multa
450 482 623 540 nobis
669 480 982 540 offensioni
1026 486 1193 548 sunt,
1247 485 1480 540 tantam
1524 480 1588 538 in
1633 479 1835 539 Gallia
1879 480 2302 539 auctoritatem
2348 481 2463 539 sihi

191 570 601 649 comparavit,
647 590 799 648 opus
843 575 939 629 est
981 590 1102 629 non
1147 569 1435 641 oblivisci,
1481 568 1680 646 qualis
1723 570 1909 628 fuerit
1939 576 2080 629 ante
2110 568 2464 628 Columbam

194 659 710 720 monasteriorum
757 660 820 717 in
868 658 1067 718 Gallia
1114 665 1306 718 status
1357 657 1464 733 (cf.
1511 678 1695 736 supra
1738 680 1795 736 p.
1835 659 2005 734 107).
2095 657 2281 716 Illum
2328 676 2462 716 con·

199 748 620 814 siderantibus
666 748 838 806 nobis
881 747 1095 808 mirum
1142 768 1261 807 non
1305 747 1635 820 videbitur,
1691 747 1851 824 quod
1894 745 2188 806 Columba
2231 747 2467 805 fervore

202 858 322 899 suo
385 858 455 897 ac
513 837 741 915 pietate
799 856 906 896 sua
962 837 1142 897 etiam
1188 835 1397 896 Gallos
1441 836 1522 894 ad
1575 836 2046 914 amplectendam
2099 835 2290 894 vitam
2343 854 2465 892 mo·

203 927 524 986 nachicam
570 931 694 986 tam
742 926 980 985 crebros
1023 926 1325 998 incitavit,
1385 931 1456 983 ut
1511 931 1575 983 et
1628 926 1756 984 ruri
1801 932 1864 984 et
1907 924 1972 983 in
2016 924 2266 983 urbibus
2312 942 2468 982 nova

208 1015 580 1075 exsisterent
625 1015 983 1074 monasteria
1031 1016 1128 1089 (cf.
1158 1015 1264 1074 vit.
1291 1013 1417 1073 Sal.
1454 1017 1511 1087 7,
1541 1015 1702 1073 Mab.
1733 1014 1821 1086 ΙΙ,
1853 1034 1988 1073 ann.
2024 1012 2172 1085 655,
2201 1034 2258 1091 p.
2290 1011 2468 1087 425).

211 1105 355 1179 Quo
401 1105 625 1163 factum
673 1108 787 1176 est,
850 1111 921 1163 ut
980 1104 1186 1180 regula
1232 1103 1557 1163 Columbae
1616 1123 1737 1163 non
1798 1104 1989 1161 solum
2045 1101 2110 1160 in
2171 1100 2472 1159 nonnullis

213 1193 583 1253 Germaniae
642 1193 1016 1251 monasteriis
1076 1192 1401 1269 (Rettberg
1443 1192 1533 1265 Π,
1578 1213 1634 1269 p.
1685 1193 1839 1267 678)
1893 1197 2039 1250 tunc
2083 1190 2471 1260 inveniretur,

214 1281 328 1342 sed
373 1282 577 1360 potius
637 1281 857 1340 saeculi
916 1280 1157 1360 septimi
1214 1282 1586 1359 temporibus
1645 1281 1963 1360 praecipue
2023 1279 2325 1357 prioribus
2383 1278 2470 1337 ita

214 1372 483 1448 vigeret,
545 1375 614 1429 ut
659 1389 849 1448 paene
895 1369 1094 1429 omnia
1139 1371 1524 1444 monasteria,
1588 1391 1742 1447 quae
1788 1378 1931 1429 tunc
1977 1368 2041 1427 in
2087 1366 2291 1427 Gallia
2334 1385 2470 1425 con-

215 1460 353 1520 dita
384 1466 543 1531 sunt,
575 1458 900 1517 Columbae
929 1459 1196 1535 regulam
1229 1460 1635 1519 observarent.
1682 1461 1949 1534 Quorum
1980 1456 2472 1516 monasteriorum

215 1548 668 1608 multitudinem
694 1548 1196 1623 (Montalembert‚
1219 1549 1307 1608 los
1326 1548 1552 1608 moines
1562 1548 1896 1608 d’occident
1908 1546 1998 1619 ΙΙ,
2020 1567 2079 1624 p.
2092 1544 2474 1619 565—637)

218 1657 573 1697 enumerare
619 1643 825 1696 nostra
871 1657 991 1695 non
1035 1637 1246 1710 refert,
1309 1636 1451 1714 quia
1499 1638 1832 1697 auctoritas
1872 1635 2202 1695 Columbae
2260 1631 2474 1691 nihilo-

219 1726 425 1786 minus
455 1745 594 1786 mox
623 1725 854 1785 minuta
902 1732 1008 1785 est.
1069 1726 1224 1786 Nam
1270 1726 1433 1785 intra
1472 1729 1600 1802 jam
1645 1726 1905 1784 medium
1948 1725 2248 1784 saeculum
2296 1721 2475 1799 septi-

221 1836 391 1875 mum
438 1816 500 1873 in
545 1815 676 1893 ipsa
724 1812 923 1873 Gallia
968 1813 1066 1874 Sti
1109 1815 1421 1873 Benedicti
1467 1815 1841 1874 Cassinemis
1898 1813 2106 1891 regula
2152 1812 2476 1871 Columbae

222 1904 471 1981 regulae
518 1903 754 1963 exstitit
798 1904 1028 1962 aemula
1074 1924 1262 1979 eaque
1307 1904 1466 1963 haud
1511 1905 1693 1963 dubie
1737 1903 1926 1962 multo
1971 1902 2186 1979 potior.
2257 1900 2477 1973 Qum·

223 1993 322 2054 vis
367 1993 527 2051 enim
571 1991 887 2071 disciplina
944 2012 1052 2052 sua
1103 1993 1369 2069 regulari
1415 1992 1707 2053 Columba
1752 1991 2245 2051 monasteriorum
2291 1986 2478 2047 Galli-

185 2102 435 2142 ·corum
497 2088 721 2140 statum
780 2085 842 2139 et
903 2099 1095 2140 mores
1155 2081 1370 2140 mirum
1431 2088 1721 2158 quantum
1781 2079 2209 2151 emendaverit,
2277 2085 2479 2137 tamen

227 2169 547 2231 Benedicti
589 2170 832 2246 regulae
877 2190 991 2247 par
1036 2190 1160 2230 esse
1206 2191 1324 2230 non
1369 2171 1587 2248 potuit.
1677 2169 2063 2229 Manifestum
2117 2168 2229 2226 hoc
2280 2166 2352 2225 fit
2402 2183 2482 2224 ex

225 2259 501 2336 singulis,
548 2259 919 2318 manifestius
964 2279 1039 2317 ex
1084 2267 1214 2319 tota
1258 2259 1500 2337 regulae
1545 2260 1859 2335 utriusque
1891 2263 2123 2316 natura.
2184 2255 2279 2314 En
2324 2253 2480 2312 enim

230 2354 343 2420 est,
392 2347 552 2424 quod
596 2368 783 2424 aeque
829 2347 1043 2407 mirum
1088 2355 1179 2407 est
1224 2369 1294 2406 ac
1339 2355 1565 2420 notum,
1611 2348 1773 2406 vitae
1804 2344 2181 2404 monachicae
2210 2341 2477 2414 historia,

230 2446 304 2497 ut
347 2436 648 2508 monachi,
709 2457 960 2513 quorum
1015 2436 1194 2515 primi
1247 2437 1630 2495 eremitarum
1676 2435 1863 2494 vitam
1911 2435 2178 2493 viventes
2220 2431 2478 2503 omnino,

233 2533 527 2603 quantum
572 2524 699 2583 fieri
746 2532 970 2604 potest,
1029 2547 1065 2583 e
1112 2526 1329 2583 mundo
1374 2525 1676 2601 fugerant,
1740 2524 2051 2602 paullatim
2096 2521 2359 2581 redirent
2405 2518 2482 2579 ad

233 2613 538 2673 mundana
600 2615 857 2689 negotia.
949 2616 1190 2689 Quanto
1248 2614 1409 2673 inter
1466 2634 1529 2673 se
1588 2613 1871 2673 differunt
1924 2611 2016 2671 St.
2060 2610 2366 2670 Antonius
2420 2614 2483 2668 et

235 2703 470 2781 Ignatii
511 2701 779 2776 Loyolae
824 2703 1118 2782 discipuli,
1165 2709 1392 2781 quanto
1423 2702 1821 2762 Orientalium
1868 2699 2139 2760 monachi
2182 2704 2246 2757 et
2292 2698 2482 2758 Bene·

237 2790 477 2851 dictini!
534 2790 897 2848 Monasteria
942 2791 1334 2852 Orientalium
1380 2791 1465 2851 nil
1511 2798 1684 2852 erant
1728 2791 1844 2850 nisi
1889 2796 2219 2849 ascetarum
2264 2793 2484 2858 coetus,

238 2878 605 2939 monasteria
650 2878 1067 2938 monachorum
1100 2878 1197 2939 Sti
1223 2881 1544 2939 Benedicti
1588 2880 1806 2940 sensim
1851 2879 2282 2957 paullatimque
2327 2877 2486 2936 facta

239 2974 383 3028 sunt
441 2967 761 3038 seminaria
819 2968 1017 3027 cultus
1076 2977 1257 3044 atque
1317 2969 1736 3041 humanitatis,
1807 2968 1952 3045 quin
2013 2968 2194 3027 etiam
2254 2965 2486 3025 scholae

239 3056 462 3117 laboris
493 3057 591 3132 (cf.
621 3056 925 3128 Harnack,
972 3057 1079 3116 das
1110 3056 1515 3130 Mouchthum,
1547 3079 1606 3135 p.
1633 3060 1712 3116 21
1748 3077 1897 3134 sqq„
1928 3058 2008 3115 31
2036 3077 2187 3133 sqq„
2222 3057 2302 3113 36
2328 3071 2488 3130 sqq.;

241 3144 516 3206 Uhlhorn
531 3188 546 3218 ,
616 3144 712 3203 die
773 3145 1111 3205 christliche
1167 3145 1715 3223 Liebesthatigkeit
1764 3146 1830 3204 in
1880 3146 1992 3203 der
2038 3146 2198 3204 alten
2244 3142 2488 3202 Kirche.

249 3235 439 3293 1882.
499 3254 557 3311 p.
607 3233 736 3292 344
781 3236 951 3309 sqq.).
1044 3233 1246 3309 Quid?
1313 3240 1515 3294 utrum
1570 3235 1661 3294 his
1708 3255 1786 3293 an
1828 3233 1949 3292 illis
1992 3232 2306 3293 similiores
2350 3233 2491 3290 sunt

245 3322 572 3383 Columbae
647 3322 961 3382 monachi?
1046 3323 1327 3384 Profecto
1403 3324 1809 3383 orientalibus.
1931 3321 2108 3382 Licet
2191 3321 2347 3379 enim
2421 3322 2493 3378 ut

244 3412 526 3472 Hiienses
574 3411 671 3487 (cf.
701 3430 885 3488 supra
915 3431 973 3488 p.
1009 3415 1120 3489 70)
1165 3413 1255 3472 ita
1300 3419 1363 3471 et
1407 3412 1733 3472 Columbae
1778 3411 2174 3472 Luxoviensis
2219 3407 2492 3471 monachi

245 3499 431 3559 variis
492 3498 755 3576 corporis
813 3504 878 3557 et
938 3499 1167 3579 ingenii
1227 3501 1534 3561 laboribus
1595 3521 1836 3579 operam
1895 3500 2172 3560 dederint
2226 3500 2323 3574 (cf.
2369 3516 2492 3573 reg.

248 3588 522 3650 Columb.
569 3609 616 3647 c.
668 3588 768 3646 10.
813 3587 976 3646 Bibl.
1022 3609 1160 3648 max
1202 3589 1358 3662 XII,
1403 3612 1468 3668 p.
1512 3590 1597 3666 5),
1645 3624 1729 3635 --
1775 3590 2226 3660 laboraverunt,
2280 3606 2355 3646 ne
2401 3604 2492 3645 so-

249 3677 453 3738 cordia
497 3698 568 3735 ac
612 3675 839 3735 desidia
883 3684 1329 3750 marcescerent,
1377 3699 1494 3737 non
1540 3698 1684 3738 vero
1730 3699 1801 3737 eo
1847 3677 2109 3748 consilio,
2154 3683 2225 3735 ut
2268 3671 2496 3751 aliquid

249 3766 393 3825 boni
437 3766 817 3844 perficerent,
883 3797 961 3810 -
1026 3787 1164 3827 nam
1220 3766 1306 3825 nil
1353 3768 1721 3844 quaerebant
1774 3768 1838 3825 in
1881 3768 1994 3825 hoc
2039 3765 2276 3824 mundo.
2368 3761 2498 3823 Alii

247 3861 428 3915 erant
478 3855 525 3913 ii
569 3853 884 3913 Scotorum
940 3856 1238 3927 monachi,
1300 3856 1404 3932 qui
1457 3856 1647 3915 vitam
1700 3861 1945 3932 agentes
1996 3855 2062 3913 in
2124 3853 2499 3914 monasteriis

249 3942 446 4004 medio
493 3944 554 4003 in
596 3943 818 4021 populo
852 3943 1193 4004 constitutis
1222 3944 1554 4004 animarum
1580 3964 1785 4003 curam
1816 3945 2106 4020 gerebant
2149 3942 2214 4003 in
2257 3943 2500 4020 regione

250 4053 359 4093 sua
406 4034 505 4108 (cf.
545 4051 725 4108 supra
769 4053 829 4108 p.
864 4030 993 4107 67),
1040 4033 1143 4091 sed
1190 4034 1263 4092 de
1308 4032 1428 4092 illis
1472 4053 1629 4092 nunc
1674 4053 1794 4091 non
1840 4033 2058 4111 agitur,
2105 4052 2242 4091 nam
2287 4033 2348 4105 ii,
2396 4028 2504 4108 qui

251 4122 315 4180 in
364 4118 625 4179 Galliam
666 4126 728 4179 et
758 4118 1141 4179 Germaniam
1187 4128 1495 4195 venerunt,
1543 4121 1765 4181 diversi
1809 4128 1983 4181 erant
2030 4122 2105 4180 ab
2149 4121 2287 4194 illis,
2333 4140 2500 4198 pere·

249 4207 554 4288 grinaturi
616 4207 821 4267 eodem
883 4213 1151 4286 tempore
1210 4210 1285 4270 de
1337 4211 1537 4289 patria
1583 4210 1978 4271 discesserant
2025 4216 2087 4269 et
2131 4208 2204 4267 de
2250 4211 2501 4280 theatr0,

255 4297 413 4375 quod
461 4304 678 4356 natura
722 4296 1049 4357 virtutibus
1103 4319 1305 4358 eorum
1359 4299 1566 4359 datum
1621 4305 1783 4372 er'at;
1851 4298 2107 4359 solitarii
2160 4296 2347 4358 vitam
2402 4298 2502 4357 de·
