3025 4909
1181 203 1573 261 ..9-

231 379 617 454 Schoellius,
685 400 818 440 cum
879 383 962 459 (p.
1018 382 1124 457 11)
1186 401 1259 440 ex
1319 401 1418 455 eo,
1489 382 1648 459 quod
1692 381 1782 440 illi
1836 382 2129 459 martyres
2179 380 2504 440 Verolamii

231 471 589 548 (Verulam)
621 470 943 547 municipio
973 470 1244 529 Romano
1291 476 1351 529 et
1396 470 1457 528 in
1502 470 1654 530 urbe
1697 470 2028 547 Legionum
2075 469 2391 547 (Caerleon
2438 469 2499 527 in

233 559 562 636 Gambria)
595 559 889 638 supplicio
930 558 1127 619 affecti
1175 579 1299 619 esse
1345 560 1683 633 traduntur,
1730 559 2147 638 suspicandum
2193 580 2319 619 esse
2366 578 2498 618 cen-

234 655 383 709 seat
414 648 634 727 oppida
664 649 769 707 illa
798 648 1070 707 Romana
1109 648 1467 708 incunabula
1499 649 1670 726 quasi
1715 649 1854 707 fidei
1899 649 2256 708 christianae
2300 647 2498 721 fuisse,

236 737 496 797 nimiam
543 737 688 796 mihi
733 737 971 797 videtur
1015 736 1192 796 fidem
1237 738 1512 797 habuisse
1543 738 1777 797 fabulis.
1839 738 1935 795 Ex
1967 736 2148 797 Gilda
2180 758 2320 814 ergo
2353 736 2499 795 nihil

240 826 645 903 comperimus
692 826 766 885 de
811 827 917 900 iis,
979 827 1080 903 qui
1139 827 1318 905 primi
1364 826 1717 887 Britonibus
1764 828 2134 904 evangelium
2191 826 2496 904 praedica-

239 916 478 988 verint,
526 935 717 993 neque
762 916 936 994 plura
983 935 1056 974 ex
1098 915 1301 975 Bedae
1347 915 1605 994 scriptis.
1697 915 1944 975 Omissis
1990 917 2146 975 enim
2164 961 2181 993 ,
2232 935 2379 991 quas
2425 915 2497 974 de

240 1004 430 1065 Lucii
489 1004 649 1081 regis
708 1004 1089 1064 conversione
1148 1004 1515 1083 temporibus
1560 1005 1874 1065 Eleutheri
1934 1005 2196 1083 episcopi
2238 1003 2499 1063 Romani

240 1095 415 1154 facta
447 1098 702 1167 enarrat,
734 1093 953 1152 fabulis
985 1093 1128 1171 (vid.
1161 1093 1241 1152 H.
1272 1093 1392 1153 and
1422 1092 1510 1153 St.
1534 1093 1586 1167 I,
1619 1115 1674 1171 p.
1703 1093 1785 1152 25
1812 1115 1924 1171 sq.;
1959 1093 2159 1154 Sohffll
2191 1115 2247 1171 p.
2276 1094 2358 1151 22
2384 1095 2496 1169 sq.)

242 1189 444 1242 restat
503 1183 948 1242 narratiuncula
1008 1183 1080 1242 de
1127 1180 1426 1242 Germano
1472 1182 1985 1243 Autissiodorensi
2030 1188 2090 1242 et
2135 1183 2311 1260 Lupo
2372 1185 2498 1257 ejus

247 1272 474 1331 comite
517 1271 879 1348 Pelagianae
938 1271 1199 1331 haeresis
1259 1271 1647 1331 eradicandae
1694 1292 1871 1332 causa
1916 1293 1951 1331 a
1999 1271 2311 1331 Gallicana
2356 1291 2497 1347 qua·

247 1361 392 1419 dam
448 1361 671 1437 synodo
718 1360 812 1419 bis
865 1360 930 1419 in
974 1360 1354 1419 Britanniam
1412 1360 1605 1420 missis
1664 1361 1745 1437 (h.
1793 1382 1839 1420 e.
1888 1362 1977 1420 ed.
2024 1360 2356 1421 Stevenson
2402 1379 2498 1438 op.

247 1449 392 1509 hist.
437 1448 645 1509 Bedae
691 1449 743 1522 I,
804 1449 904 1508 lib.
960 1451 1012 1522 1,
1074 1470 1199 1527 cap.
1257 1451 1332 1508 17
1383 1452 1416 1528 ξ
1467 1451 1593 1526 39).
1686 1449 1805 1510 Sed
1866 1471 1996 1510 cum
2057 1449 2227 1508 Beda
2286 1449 2499 1521 omnia,

251 1559 410 1615 quae
443 1544 668 1611 narrat,
699 1538 965 1597 hauserit
996 1559 1027 1596 e
1057 1539 1327 1598 fabulosa
1358 1539 1444 1598 St.
1466 1537 1753 1598 Germani
1773 1539 1902 1599 vita
1928 1538 2151 1615 (Schbll
2174 1559 2233 1616 p.
2260 1537 2342 1595 25
2369 1539 2500 1615 sq.),

249 1628 520 1704 Prosper
562 1625 964 1704 Aquitanicus
1010 1626 1184 1687 testis
1228 1627 1345 1686 fide
1391 1628 1628 1705 dignior
1673 1635 1764 1688 est
1808 1627 2131 1688 habendus.
2205 1626 2324 1700 Qui
2369 1646 2502 1684 cum

255 1716 626 1776 Germanum
643 1759 659 1790 ,
705 1716 782 1775 ad
830 1716 1123 1776 actionem
1167 1716 1404 1776 Paladii
1451 1717 1682 1776 diaconi
1729 1739 1765 1776 a
1808 1738 1967 1796 papa
2014 1716 2318 1776 Colestino
2365 1716 2499 1774 mis-

257 1826 390 1865 sum
437 1826 563 1865 esse
608 1806 814 1865 tradat
860 1805 1124 1880 (chronic
1173 1825 1226 1863 a.
1259 1806 1410 1865 dom.
1434 1807 1590 1865 429.
1624 1827 1804 1884 opera
1836 1807 1923 1864 ed.
1957 1805 2212 1865 Bassani
2248 1805 2414 1863 1782
2448 1804 2500 1876 Ι,

257 1916 316 1973 p.
350 1895 511 1968 4013
559 1894 639 1952 H.
674 1894 792 1954 and
824 1893 912 1954 St.
958 1894 1011 1967 I,
1057 1916 1116 1972 p.
1156 1896 1261 1972 16)
1308 1895 1393 1954 nil
1437 1900 1628 1955 restat
1671 1895 1735 1953 in
1778 1895 1891 1954 hac
1935 1894 2295 1966 narratione,
2343 1892 2501 1970 quod

258 1984 568 2061 antiquam
599 1983 919 2043 Britonum
965 1983 1244 2043 ecclesiae
1286 2004 1418 2043 cum
1450 1982 1763 2043 Gallicana
1807 1984 2274 2042 familiaritatem
2319 1982 2500 2041 fuisse

260 2074 621 2150 comprobet.
683 2072 1179 2132 Familiaritatem
1219 2073 1383 2132 illam
1414 2073 1594 2133 fuisse
1625 2072 2003 2132 nihilominus
2035 2078 2285 2131 constat.
2347 2072 2501 2132 Nam

261 2161 533 2220 nonnulli
561 2160 881 2221 Britonum
927 2161 1190 2239 episcopi
1221 2182 1376 2221 anno
1411 2163 1617 2221 314m0
1650 2162 1896 2221 concilio
1929 2161 2273 2221 Arelatensi
2317 2160 2499 2219 inter-

261 2251 503 2310 fuerunt
563 2251 667 2326 (H.
715 2250 836 2309 and
881 2248 970 2309 St.
1015 2249 1067 2323 I,
1112 2271 1170 2327 p.
1223 2253 1279 2309 7.
1340 2253 1412 2309 cf.
1457 2250 1679 2329 Bright
1725 2272 1782 2328 p.
1832 2253 1869 2308 9
1918 2253 2090 2328 sqq.).
2184 2250 2389 2323 Quod,
2450 2249 2503 2308 si

260 2341 374 2398 hoc
404 2339 715 2398 concilium
748 2345 983 2398 centum
1031 2338 1201 2398 annis
1248 2346 1387 2400 ante
1433 2339 1661 2412 fuisset,
1708 2340 1958 2415 alicujus
2002 2339 2284 2398 momenti
2332 2344 2500 2411 esset,

262 2429 345 2488 sic
390 2427 628 2489 nullius.
721 2427 1096 2504 Oonjecturis
1158 2448 1299 2505 ergo
1358 2428 1719 2505 relinquitur
1770 2429 1950 2488 locus.
2041 2430 2386 2488 Muenterus
2442 2434 2503 2486 et

260 2518 434 2576 multi
495 2520 622 2592 ejus
683 2517 960 2594 aequales
1016 2522 1077 2576 et
1130 2516 1248 2595 ipsi
1300 2520 1425 2593 jam
1472 2517 1919 2578 Centuriatores
1963 2516 2502 2594 Magdeburgenses

261 2605 458 2682 (Ceut.
504 2605 590 2679 H,
638 2626 687 2665 c.
737 2606 795 2679 2,
842 2606 941 2664 fol.
993 2608 1057 2683 9)
1122 2606 1299 2665 fidem
1361 2606 1745 2666 christianam
1808 2627 1881 2666 ex
1942 2604 2092 2664 Asia
2151 2606 2377 2664 minore
2436 2605 2500 2663 in

262 2695 643 2755 Britanniam
702 2695 953 2754 allatam
1007 2715 1131 2754 esse
1192 2695 1422 2773 opinati
1481 2702 1637 2756 sunt.
1744 2696 1918 2770 Quod
1934 2739 1949 2768 ,
2019 2695 2070 2754 si
2131 2693 2500 2773 comprobari

264 2789 481 2862 posset,
528 2804 648 2842 non
693 2783 1122 2860 neglegendum
1170 2790 1325 2844 esset
1354 2785 1416 2842 in
1449 2784 1844 2860 dijudicandis
1875 2783 2152 2844 ecclesiae
2183 2782 2500 2842 Britonum

264 2873 542 2932 moribus.
635 2871 753 2931 Sed
800 2873 1223 2949 quaerentibus
1268 2874 1470 2946 nobis,
1520 2873 1665 2952 quid
1711 2873 1849 2932 huic
1893 2871 2189 2932 Muenteri
2236 2871 2502 2949 opinioni

263 2961 617 3021 adminiculo
663 2961 861 3034 fuerit,
910 2961 1069 3039 apud
1114 2962 1309 3040 ipsum
1354 2963 1436 3022 nil
1484 2962 1744 3022 occurrit
1788 2962 1905 3021 nisi
1951 2960 2315 3038 computatio
2364 2960 2500 3019 festi

263 3050 572 3129 paschalis,
621 3069 738 3127 qua
767 3049 1047 3111 Britones
1078 3052 1416 3111 utebantur.
1508 3051 1599 3110 At
1628 3051 1908 3111 Britones
1948 3070 2323 3127 nequaquam
2370 3070 2500 3108 cum

264 3139 814 3214 quartodecimanis
875 3139 1266 3212 consensisse,
1323 3143 1447 3217 Jam
1515 3140 1747 3218 pridem
1808 3139 1921 3200 viri
1966 3139 2129 3199 docti
2173 3139 2502 3197 docuerunt

265 3228 478 3303 (Varin
537 3234 706 3286 mem.
753 3227 840 3301 H,
901 3250 958 3306 p.
1023 3228 1151 3285 295
1214 3248 1340 3306 sqq.
1389 3230 1461 3287 cf.
1505 3228 1747 3288 Ebrard
1805 3251 1863 3307 p.
1915 3228 2217 3305 19—78).
2308 3227 2499 3285 Immo

265 3337 390 3377 eam
422 3316 775 3395 opinionem,
824 3335 940 3393 qua
987 3317 1176 3376 altera
1221 3317 1323 3376 illa
1352 3317 1648 3377 Muenteri
1678 3317 2000 3390 nitebatur,
2047 3317 2199 3376 hanc
2245 3316 2498 3376 scilicet:

263 3406 576 3464 Britonum
636 3406 940 3465 ecclesiam
999 3406 1459 3484 primordiorum
1528 3410 1652 3482 jam
1722 3407 2087 3485 temporibus
2156 3406 2274 3465 alia
2333 3425 2501 3464 usam

265 3515 386 3554 esse
417 3494 856 3573 computatione
883 3495 1022 3555 festi
1051 3495 1346 3574 paschalis
1377 3516 1445 3555 ac
1474 3494 1823 3569 Romanam,
1870 3494 2336 3555 commenticiam
2371 3514 2498 3553 esse

265 3584 431 3643 facile
492 3584 873 3661 comprobari.
925 3589 1142 3663 potest.
1234 3583 1648 3645 Vetustiorum
1709 3584 1863 3644 enim
1923 3585 2278 3662 scriptorum
2337 3583 2500 3643 testi-

176 3691 184 3702 ·
266 3672 460 3731 monia
491 3672 784 3732 audienda
828 3674 1001 3733 nobis
1046 3679 1189 3733 sunt
1232 3673 1625 3752 posteriorum
1672 3674 1903 3733 ratione
1949 3692 2068 3733 non
2112 3673 2335 3732 habita.
2425 3672 2502 3730 In

269 3761 480 3839 quibus
527 3762 956 3822 Constantinus
1002 3762 1330 3841 imperator
1376 3762 1520 3823 haec
1565 3761 1805 3840 scripsit
1863 3762 1927 3821 in
1988 3762 2244 3840 epistula
2289 3762 2366 3820 ad
2412 3782 2501 3820 ec-

268 3850 469 3909 clesias
515 3872 610 3929 ap.
666 3851 995 3910 Eusebium
1039 3851 1146 3912 vit.
1196 3850 1488 3911 Constant
1533 3851 1656 3925 III,
1708 3852 1819 3909 19:
1880 3848 2097 3911 idcirco
2141 3847 2209 3910 id
2253 3870 2504 3932 aequum

267 3946 588 4021 rectumque
633 3958 751 4000 esse
796 3959 991 4000 omnes
1023 3936 1514 4020 judicaverunt„
1595 3947 1744 4010 .ut,
1806 3938 1965 4020 quod
2008 3938 2069 3999 in
2116 3938 2256 3999 urbe
2302 3936 2504 3999 Roma

257 4046 476 4129 perque
516 4047 747 4089 ommm
791 4026 1036 4088 Italiam
1082 4073 1095 4087 .
1130 4074 1143 4087 .
1177 4023 1491 4099 ‚Galliaa
1538 3984 1937 4088 Britannias.
2018 4025 2338 4088 .concordi
2379 4046 2500 4087 sen-

266 4115 436 4176 tentia
496 4115 831 4178 observatur
890 4116 958 4177 id
1013 4126 1202 4178 vestra
1260 4137 1480 4199 quoque
1533 4115 1859 4199 pudentia
1931 4114 2226 4178 libmaibus
2289 4115 2504 4175 animis

269 4201 650 4285 amplectatur
695 4249 709 4265 .
743 4249 757 4264 .
790 4252 804 4269 .
854 4215 1022 4288 atque
1082 4214 1146 4265 ut
1205 4204 1541 4267 summatim
1594 4226 1665 4265 ac
1710 4204 1950 4267 breviter
1994 4204 2221 4276 dicam,
2279 4202 2504 4288 placuit
