3025 4909
1237 160 1625 213 -7-

296 335 662 395 Culdeorum
709 336 995 414 explicari
1040 355 1157 393 non
1205 340 1437 413 potest,
1485 335 1602 393 nisi
1646 356 1836 412 pauca
1883 340 2059 394 antea
2104 334 2429 394 dixerimus
2475 336 2548 395 de

297 423 664 484 Culdeorum
709 425 962 484 historia
1010 433 1069 483 et
1114 431 1346 484 natura.
1420 423 1645 496 culdei,
1696 445 1945 501 quorum
1992 445 2181 501 neque
2228 425 2386 501 apud
2432 424 2546 483 Be-

296 513 440 573 dam
489 533 678 591 neque
725 513 786 571 in
836 513 1177 572 Adamnani
1222 513 1351 573 vita
1396 511 1721 576 Columbae
1776 513 1876 589 (de
1922 533 2040 589 qua
2085 514 2207 573 vid.
2253 515 2434 590 infra)
2479 513 2550 574 fit

296 603 558 675 mentiO,
619 602 878 680 primum
923 603 986 659 in
1032 602 1326 662 Hibernia
1388 601 1768 680 reperiuntur
1826 604 2057 661 saeculo
2117 603 2368 662 fortasse
2422 606 2546 679 jam

296 693 553 769 septimo
615 689 838 767 (Skene
885 691 972 762 ΙΙ,
1035 712 1092 768 p.
1143 692 1304 762 251;
1375 692 1453 748 H.
1501 691 1616 750 and
1666 690 1755 751 St.
1800 691 1894 764 H,
1949 693 2001 764 1,
2062 713 2119 768 p.
2173 692 2324 766 118)
2383 699 2547 752 certo

299 788 514 840 octavo
548 780 653 855 (H.
685 781 800 838 and
835 779 924 839 St.
954 780 1042 853 II,
1083 783 1134 852 1,
1176 801 1232 857 p.
1272 779 1423 857 175)
1469 780 1533 838 in
1565 778 1769 839 Scotia
1814 801 1934 839 non
1981 787 2119 838 ante
2167 801 2384 839 annum
2417 781 2544 838 842

298 870 411 945 (H.
443 870 559 927 and
591 867 678 927 St.
711 868 796 941 II,
837 870 890 942 1,
933 891 992 947 p.
1032 870 1155 926 118
1187 876 1248 928 et
1278 892 1333 947 p.
1375 869 1543 945 147),
1592 889 1784 945 neque
1830 875 2030 947 pot-est
2074 869 2356 941 dubitari,
2403 870 2547 945 quin

299 967 447 1017 tunc
493 958 603 1016 hac
649 958 891 1017 notione
938 957 1257 1034 significati
1304 957 1426 1017 sint
1472 959 1742 1030 monachi
1788 957 2105 1016 strictioris
2135 959 2547 1018 observantiae

301 1048 412 1122 (H.
445 1046 562 1105 and
596 1045 682 1105 St.
729 1046 815 1119 II,
870 1048 923 1117 1,
971 1070 1027 1125 p.
1070 1046 1211 1118 175,
1259 1046 1456 1105 Skene
1499 1045 1587 1120 II,
1635 1068 1692 1124 p.
1729 1047 1882 1122 252)
1930 1047 2201 1124 inprimis
2248 1048 2547 1107 eremitae.

301 1136 425 1210 Qui
471 1155 602 1193 cum
649 1155 1090 1210 nonnumquam
1154 1134 1313 1212 apud
1359 1142 1590 1194 veteres
1652 1136 1937 1213 appellati
2001 1136 2121 1193 sint
2190 1136 2545 1209 „deicolae“,

300 1228 471 1301 cujus
517 1225 603 1282 rei
648 1224 990 1283 testimonia
1036 1224 1300 1283 invenies
1346 1225 1503 1302 apud
1552 1222 1839 1283 Skenium
1870 1224 1957 1296 II,
2005 1246 2063 1301 p.
2098 1226 2244 1297 238,
2294 1224 2548 1284 Skenius

300 1316 550 1373 verbum
603 1312 960 1388 „Ceile-De“
1014 1313 1171 1371 idem
1221 1333 1346 1372 esse
1395 1320 1595 1390 putat,
1657 1313 1818 1388 quod
1864 1314 2154 1386 deicolae,
2226 1313 2547 1390 eademque

297 1403 376 1462 de
424 1423 602 1462 causa
646 1402 922 1461 eremitas
969 1402 1029 1460 in
1076 1402 1376 1461 Hibernia
1430 1401 1788 1474 „Ceile-De“
1860 1402 1985 1461 sive
2032 1401 2285 1461 Ouldeos
2346 1402 2544 1480 appel-

294 1493 452 1551 latos
503 1512 629 1551 esse
677 1491 958 1569 opinatur
1004 1490 1115 1566 (ΙΙ,
1163 1513 1221 1568 p.
1272 1491 1444 1568 251).
1535 1491 1815 1550 Profecto
1872 1489 2128 1550 Skenius
2186 1491 2356 1550 nobis
2417 1512 2546 1569 per-

295 1581 592 1654 suaderet,
640 1581 755 1639 nisi
786 1581 931 1639 haec
963 1580 1261 1638 sententia
1308 1583 1433 1656 ejus
1480 1580 1807 1639 arctissime
1854 1587 2007 1640 esset
2052 1582 2368 1655 conjuncta
2416 1600 2547 1638 cum

295 1671 504 1743 altera,
555 1690 732 1746 quam
777 1670 988 1729 falsam
1034 1689 1161 1728 esse
1209 1669 1480 1746 equidem
1528 1689 1872 1747 persuasum
1916 1669 2064 1727 mihi
2108 1670 2313 1728 habe0.
2404 1670 2545 1728 Per-

298 1779 507 1836 peram
553 1759 710 1816 enim
757 1758 947 1835 ipsam
994 1757 1374 1817 eremitarum
1404 1758 1648 1817 vivendi
1692 1758 1986 1816 rationem
2033 1759 2264 1817 saeculo
2312 1758 2546 1816 demum

298 1847 553 1925 septimo
612 1847 672 1905 in
720 1847 1015 1906 Hibernia
1077 1846 1483 1925 percrebuisse
1545 1847 1717 1905 docet
1764 1848 1860 1922 (cf.
1906 1846 2107 1923 infra).
2201 1847 2367 1920 Quae
2414 1867 2545 1905 cum

301 1937 390 1996 ita
437 1936 588 2010 sint,
637 1957 788 2014 quae
836 1937 915 1995 sit
960 1936 1215 1994 nominis
1262 1934 1620 1993 Guldeorum
1668 1935 1832 2013 origo
1881 1941 1942 1995 et
1986 1935 2333 2013 principalis
2379 1936 2546 1994 verbi

298 2025 657 2102 significatio
678 2070 692 2098 ,
762 2026 823 2083 in
869 2025 1062 2084 medio
1108 2024 1560 2101 relinquendum
1609 2030 1728 2097 est,
1799 2024 1986 2082 donec
2049 2027 2329 2083 tenebrae
2391 2024 2543 2097 illae,

300 2114 518 2192 quibus
563 2114 701 2173 inde
749 2116 825 2173 ab
872 2134 1027 2173 anno
1078 2115 1282 2171 700Ιῑιὶιο
1329 2134 1513 2190 usque
1560 2113 1639 2172 ad
1684 2133 1904 2172 annum
1948 2114 2072 2174 fere
2110 2114 2407 2172 1000ιπιιιω
2454 2134 2543 2173 ec-

297 2203 630 2262 clesiastica
690 2201 1003 2262 Scotorum
1062 2203 1313 2262 historia
1374 2203 1754 2275 obscuratur,
1818 2209 2251 2262 removeantur.
2356 2202 2545 2263 Nobis

297 2293 410 2351 hoc
471 2292 789 2352 dolendum
855 2312 974 2350 non
1039 2299 1156 2365 est,
1230 2312 1368 2351 nam
1430 2292 1502 2350 de
1569 2290 1810 2350 Ouldeis
1880 2291 2117 2352 omnino
2177 2292 2359 2351 verba
2426 2312 2543 2350 non

298 2381 587 2454 fecissem,
633 2381 750 2441 nisi
796 2401 1109 2459 perperam
1141 2380 1451 2439 Ebrardus
1495 2380 1608 2439 hoc
1654 2379 1890 2438 nomine
1938 2380 2299 2458 appellasset
2344 2400 2545 2439 omnes

298 2470 520 2549 prioris
568 2490 804 2548 quoque
850 2469 1135 2547 temporis
1180 2468 1422 2542 Scotos,
1482 2468 1788 2547 patribus,
1849 2474 1917 2527 ut
1961 2469 2049 2527 ita
2094 2468 2285 2528 dicam
2303 2514 2317 2542 ,
2388 2468 2541 2528 dele-

299 2579 476 2636 gans,
551 2560 709 2636 quod
755 2560 828 2618 de
876 2560 1015 2619 solis
1060 2557 1199 2618 filiis
1246 2564 1497 2618 constat.
1590 2559 1758 2632 Quae
1804 2558 2239 2636 perquirendae
2285 2558 2543 2634 antiqui-

298 2648 442 2708 tatis
503 2648 657 2707 ratio
719 2668 895 2724 quam
956 2649 1185 2706 lubrica
1245 2654 1308 2706 et
1367 2647 1549 2706 dubia
1606 2647 1844 2706 omnino
1901 2648 2011 2718 sit,
2082 2647 2192 2705 hoc
2237 2648 2365 2725 ipso
2413 2649 2543 2706 loco

301 2743 512 2815 sponte
573 2741 842 2815 apparet.
933 2738 1088 2798 Nam
1135 2736 1420 2809 Culdeos,
1491 2755 1641 2812 quos
1701 2737 1935 2795 saeculo
1998 2742 2209 2795 octavo
2272 2736 2547 2795 eremitas

299 2826 480 2884 fuisse
525 2825 875 2898 invenimus,
925 2825 1160 2885 eosdem
1205 2825 1399 2886 tribus
1443 2827 1537 2885 vel
1587 2831 1845 2902 quatuor
1890 2825 2141 2884 saeculis
2186 2832 2325 2903 post
2371 2844 2543 2884 cano·

301 2914 461 2973 nicos
523 2914 706 2973 fuisse
772 2914 1022 2974 historia
1079 2914 1271 2974 docet.
1363 2914 1537 2987 Quod
1599 2914 1755 2972 unde
1816 2914 2039 2972 factum
2093 2914 2203 2987 sit,
2272 2912 2546 2987 Skenius,

236 3034 246 3041 ·
302 3024 432 3063 011111
480 3010 643 3063 certa
688 3004 762 3062 de
806 3004 1172 3081 temporibus
1217 3002 1721 3062 intercedentibus
1782 3003 2124 3064 testimonia
2185 3002 2380 3062 desint
2398 3047 2412 3075 ,
2475 3023 2548 3061 ex

299 3092 518 3152 fabulis
565 3093 872 3152 enucleare
918 3098 1164 3152 conatus
1221 3099 1310 3151 est
1357 3091 1469 3167 (II,
1514 3113 1571 3169 p.
1623 3091 1769 3149 254.
1821 3095 1993 3169 276),
2064 3092 2335 3168 equidem
2390 3094 2544 3150 malo

300 3180 475 3240 fateri
520 3181 744 3241 nescire
791 3200 915 3254 nos,
964 3182 1122 3259 quod
1163 3182 1507 3241 nesciamus.
1598 3180 1907 3241 Nescimus
1953 3181 2155 3257 igitur,
2202 3180 2438 3257 quando
2486 3186 2547 3239 et

303 3270 518 3348 quibus
575 3270 752 3329 rebus
814 3271 1091 3330 commoti
1138 3270 1350 3329 Culdei
1397 3269 1794 3330 canonicalem
1840 3269 2100 3347 amplexi
2161 3270 2281 3328 sint
2343 3269 2545 3342 vitam,

300 3358 589 3419 nescimus
637 3378 905 3436 quoque,
979 3360 1215 3437 quando
1264 3366 1327 3418 et
1371 3358 1587 3436 quibus
1635 3359 1708 3417 de
1756 3359 1946 3418 causis
2008 3358 2324 3438 disciplina
2385 3358 2546 3437 apud

303 3468 400 3507 eos
448 3448 706 3526 collapsa
765 3448 860 3508 sit.
951 3448 1234 3507 Forsitan
1295 3448 1497 3520 bellis,
1571 3468 1722 3525 quae
1769 3446 1962 3522 Scotis
2010 3468 2142 3506 cum
2187 3449 2546 3509 Normannis

302 3536 560 3614 gerenda
607 3542 792 3607 erant,
839 3539 1064 3596 factum
1112 3537 1207 3609 sit,
1254 3542 1323 3596 ut
1355 3535 1668 3595 Scotorum
1715 3537 1959 3596 ecclesia
2005 3536 2375 3614 temporibus
2420 3535 2546 3595 Scti

300 3625 599 3684 Bernardi
628 3624 1085 3685 Olaravallensis
1118 3626 1390 3684 nonnihil
1421 3625 1538 3684 alia
1567 3624 1845 3685 videatur
1891 3646 2031 3698 esse,
2078 3632 2261 3703 atque
2305 3625 2547 3684 ineunte

302 3735 446 3774 aevo
508 3712 720 3773 medio.
831 3713 986 3774 Nam
1047 3734 1162 3774 non
1211 3715 1324 3774 soli
1385 3714 1594 3774 Culdei
1655 3720 1928 3773 naturam
1995 3720 2377 3773 mutaverunt
2445 3715 2548 3774 sed

305 3805 501 3876 etiam,
546 3811 617 3863 ut
660 3802 818 3861 infra
864 3805 1099 3883 saepius
1145 3804 1491 3877 videbimus,
1540 3824 1732 3863 mores
1779 3809 1839 3861 et
1882 3803 2036 3863 ritus
2082 3803 2185 3861 alii
2230 3809 2548 3863 occurrunt

305 3892 534 3951 saeculo
581 3892 950 3965 duodecimo,
999 3893 1104 3951 alii
1147 3892 1447 3971 prioribus
1492 3892 1875 3971 temporibus.

482 3982 649 4056 Quae
710 4001 843 4040 cum
901 3982 989 4040 ita
1049 3982 1168 4040 sint
1184 4025 1200 4054 ,
1269 3982 1401 4040 luce
1449 3981 1664 4041 clarius
1726 3987 1817 4039 est
1876 3982 2298 4057 quaerentibus
2359 3981 2545 4054 nobis,

306 4069 507 4145 quales
552 4069 774 4128 fuerint
821 4071 1102 4147 antiquae
1148 4070 1466 4129 Britonum
1511 4070 1943 4145 Scotorumque
2000 4070 2278 4129 ecclesiae
2336 4090 2546 4142 mores,

306 4178 456 4235 quae
500 4159 656 4218 ratio
703 4159 982 4218 credendi
1028 4164 1088 4217 et
1133 4159 1407 4232 vivendi,
1476 4160 1697 4219 saeculi
1757 4159 2053 4218 undecimi
2109 4166 2171 4219 et
2217 4158 2548 4218 duodecimi

306 4267 500 4305 rerum
547 4248 835 4308 rationem
884 4248 1138 4327 amplius
1182 4248 1514 4308 habendam
1559 4269 1678 4308 non
1725 4268 1880 4321 esse3
1951 4249 2128 4307 immo
2185 4248 2325 4308 solis
2370 4247 2547 4307 certis
