3025 4909
1480 217 1865 286 ...4-..

549 403 720 490 quia,
784 424 935 488 quae
996 409 1255 489 profert,
1317 408 1554 467 aliunde
1609 409 1734 482 jam
1797 406 2099 466 audieram
2159 406 2380 483 partim
2427 404 2568 482 quia
2615 400 2817 464 alium

546 507 728 577 atque
773 503 1042 559 nostrum
1089 499 1351 558 Varinus
1412 497 1530 557 sibi
1591 497 1901 574 proposuit
1959 495 2155 554 finem.
2249 494 2406 555 Tota
2464 495 2619 554 enim
2667 497 2817 571 ejus

547 588 963 649 commentatio
1011 589 1201 646 altera
1247 607 1315 646 eo
1363 593 1625 665 spectat,
1670 591 1740 644 ut
1787 585 2271 645 Centuriatorum
2317 584 2812 662 Magdeburgen-

547 679 697 738 sium
729 677 1083 736 sententiam
1116 678 1338 735 refutet
1369 696 1500 734 cum
1533 675 1891 748 examinans,
1939 695 2080 733 num
2119 676 2256 750 jure
2301 674 2393 732 his
2439 694 2544 732 sex
2588 674 2813 732 rebus:

554 769 614 843 1)
660 772 943 825 tonsurae
1020 766 1212 824 forma
1304 766 1370 842 2)
1414 764 1660 841 liturgia
1734 764 1946 823 missae
2039 764 2105 841 3)
2154 762 2288 821 odio
2363 762 2426 821 in
2490 762 2814 821 Romanos

548 856 615 932 4)
661 854 1009 932 baptizandi
1070 875 1233 912 more
1297 854 1362 930 5)
1409 855 1548 913 festi
1605 854 1901 931 paschalis
1958 852 2399 930 computatione
2479 853 2544 927 6)
2591 850 2812 910 matri-

547 944 745 1003 monio
793 944 1137 1002 clericorum
1191 977 1264 986 —-
1318 943 1624 1001 ecclesiam
1667 941 1989 1001 Britonum
2035 941 2329 1001 diversam
2389 940 2570 999 fuisse
2617 960 2653 998 a
2703 960 2811 998 ca-

546 1033 767 1092 tholica
814 1032 1185 1105 censuerint,
1247 1037 1375 1090 tum
1421 1032 1637 1090 docens
1682 1032 1908 1090 nullam
1954 1051 2216 1107 unquam
2262 1028 2616 1088 Britonibus
2662 1049 2808 1086 cum

547 1119 697 1179 Asia
742 1120 922 1179 fuisse
968 1119 1530 1181 11333331111111113111.1
1580 1154 1657 1164 —
1687 1118 1827 1178 -Sed
1874 1121 1990 1179 alio
2036 1121 2191 1192 1000,
2252 1119 2357 1177 ubi
2417 1138 2536 1177 non
2594 1137 2805 1196 spera-

547 1230 780 1282 veram,
843 1209 985 1268 novi
1032 1209 1257 1286 aliquid
1301 1209 1534 1282 inveni,
1599 1209 1757 1285 quod
1823 1210 1898 1267 ad
1959 1208 2424 1286 cognoscendam
2480 1205 2805 1266 Scotorum

550 1298 829 1357 ecclesiae
876 1304 1152 1356 naturam
1198 1298 1440 1357 maximi
1485 1297 1771 1356 momenti
1815 1298 2053 1358 videtur
2099 1318 2256 1356 esse:
2304 1297 2464 1374 apud
2493 1296 2800 1354 Harttun-

546 1387 710 1464 gium
773 1381 1232 1466 (Ih'plomatisch
1250 1421 1270 1430 -
1289 1383 1619 1447 historische
1665 1381 2097 1468 Forschunqen.
2163 1388 2311 1445 1879
2371 1407 2428 1464 p.
2492 1384 2570 1443 21
2623 1386 2801 1461 sqq.).

549 1475 904 1551 Quanquam
954 1475 1109 1532 enim
1156 1495 1256 1548 ea,
1318 1496 1470 1552 quae
1531 1495 1720 1552 pauca
1779 1475 1852 1533 de
1899 1476 2217 1535 Britonum
2265 1474 2511 1532 ecclesia
2557 1472 2800 1531 aliunde

549 1563 802 1642 sumpsit
832 1598 919 1607 ——
951 1564 1103 1640 proh
1135 1564 1301 1622 dolor
1333 1585 1404 1622 ex
1435 1563 1698 1622 Ebrardi
1730 1584 1964 1640 quoque
2010 1564 2194 1623 libro!
2232 1598 2308 1607 —-
2344 1562 2546 1640 magni
2594 1561 2799 1620 existi-

547 1672 708 1710 mare
739 1672 857 1710 non
890 1672 1148 1730 possum,
1195 1659 1395 1711 tamen
1428 1652 1560 1711 aliis
1589 1654 1763 1727 hujus
1807 1653 1949 1711 libri
1993 1653 2267 1731 partibus
2307 1652 2558 1711 multum
2590 1651 2799 1723 debeo,

548 1761 741 1818 neque
773 1741 1046 1799 omittam
1092 1741 1319 1817 gratias
1365 1762 1542 1817 agere
1587 1741 1974 1819 Harttungio,
2021 1742 2125 1818 qui
2157 1742 2248 1819 (p.
2283 1742 2394 1818 22)
2425 1759 2643 1813 01111133,
2691 1739 2801 1815 qui

549 1831 622 1888 de
661 1829 981 1890 Britonum
1031 1830 1276 1889 ecclesia
1323 1836 1562 1889 exstent
1605 1830 1762 1904 libri,
1810 1851 2153 1889 enumerare
2201 1836 2445 1889 conatus
2492 1829 2588 1888 sit.
2681 1827 2798 1886 Co·

550 1924 723 1977 natus
769 1924 890 1990 est,
939 1939 1074 1976 nam
1123 1919 1452 1997 complures
1499 1939 1633 1978 eum
1677 1922 1960 1995 fugerunt
2006 1920 2344 1997 scriptores.
2438 1917 2589 1976 Cum
2636 1916 2799 1976 enim

548 2007 745 2083 priore
793 2026 946 2065 anno
994 2007 1056 2064 in
1101 2008 1293 2066 lucem
1339 2009 1629 2086 prodierit
1688 2003 1972 2079 Warren,
2035 2003 2294 2090 Mur-99
2339 2006 2464 2066 and
2505 2002 2688 2065 ritual
2733 2002 2812 2086 of

547 2093 639 2153 the
688 2091 866 2154 Celtic
912 2090 1143 2154 charch.
1198 2092 1433 2177 Oxford
1480 2099 1650 2166 1881,
1720 2097 1962 2155 tandem
2009 2097 2329 2172 aliquando
2376 2097 2438 2154 in
2484 2096 2593 2154 hoc
2639 2095 2796 2152 libro

549 2184 846 2262 expletam
877 2204 945 2241 ac
976 2186 1303 2262 perfectam
1336 2186 1625 2244 librorum
1664 2186 1930 2244 tabulam
1976 2186 2180 2246 inveni
2225 2206 2334 2244 nec
2380 2204 2499 2243 11011
2546 2204 2618 2242 ex
2663 2184 2796 2260 ipso

548 2273 702 2331 libro
735 2274 995 2332 fructum
1026 2274 1331 2353 percipere
1363 2275 1550 2352 potui.
1642 2272 1760 2332 Sed
1806 2275 1953 2333 mihi
1999 2295 2116 2334 non
2162 2274 2431 2351 contigit,
2477 2279 2546 2332 ut
2593 2292 2796 2331 omnes

552 2361 736 2420 libros
785 2382 821 2419 a
851 2362 1165 2421 Warrenio
1213 2362 1503 2436 laudatOS,
1553 2384 1624 2421 ex
1670 2363 1885 2439 quibus
1930 2364 2270 2436 utilitatem,
2318 2382 2523 2421 seram.
2556 2361 2794 2438 quidem

550 2450 731 2523 illam,
780 2456 1093 2528 capturum
1139 2472 1231 2509 me
1279 2472 1404 2510 esse
1453 2451 1779 2528 sperabam,
1828 2452 2204 2531 adipiscerer.
2297 2450 2514 2510 Toddii
2546 2445 2689 2533 sze
2733 2447 2809 2530 of

551 2533 723 2597 δαῖτα,
768 2534 1011 2598 Patrick
1057 2535 1326 2615 (Dublim
1362 2543 1556 2617 1864),
1601 2540 1817 2598 librum
1851 2541 1926 2599 ab
1958 2541 2037 2599 H.
2071 2540 2190 2598 and
2220 2540 2306 2599 St,
2355 2545 2415 2597 et
2460 2538 2791 2615 Loeningio

550 2628 772 2685 frustra
813 2627 959 2685 mihi
991 2628 1479 2699 commendatum,
1529 2629 1667 2706 quia
1712 2629 1807 2689 vel
1852 2628 1914 2685 in
1961 2628 2268 2688 ditissimis
2312 2627 2508 2704 gentis
2556 2632 2792 2686 nostrae

550 2715 926 2774 bibliothecis
957 2707 1141 2790 deest,
1191 2738 1322 2775 cum
1355 2717 1515 2796 apud
1547 2716 1924 2776 Warrenium
1957 2737 2190 2795 quoque
2237 2717 2593 2776 invenissem
2640 2736 2790 2775 sum·

555 2804 665 2862 mis
713 2804 987 2862 laudibus
1034 2806 1272 2879 elatum,
1321 2828 1357 2865 a
1404 2805 1727 2884 bibliopola
1773 2805 2028 2881 quodam
2059 2805 2431 2865 Londinensi
2474 2803 2790 2883 postulavi,

551 2892 654 2952 sed
686 2892 883 2950 omnia
923 2894 1096 2969 hujus
1118 2893 1281 2953 'libri
1329 2895 1690 2972 exemplaria
1734 2895 1977 2953 vendita
2024 2916 2149 2954 esse
2197 2894 2469 2973 comperi.
2563 2891 2681 2951 Sed
2724 2898 2792 2951 ut

551 2980 822 3040 omittam
839 3025 853 3054 ,
901 2982 1116 3057 quibus
1162 2984 1253 3041 uti
1301 2983 1445 3041 mihi
1491 3003 1609 3042 non
1652 2983 1871 3041 licebat
1888 3029 1902 3056 ,
1963 3004 2104 3042 usus
2151 3004 2281 3043 sum
2326 2987 2564 3062 praeter
2608 2983 2790 3040 libros

549 3090 731 3148 supra
777 3077 1263 3130 commemoratos
1309 3071 1372 3129 in
1417 3071 1777 3149 perficienda
1823 3071 1934 3130 hac
1979 3093 2110 3131 mea
2149 3072 2566 3132 dissertatione
2613 3071 2790 3129 etiam

548 3159 644 3217 his
690 3159 918 3218 duobus
965 3159 1165 3218 libris:
1227 3161 1426 3239 priore
1474 3159 1681 3219 Skenii
1740 3161 1894 3220 libro
1955 3161 2294 3220 doctissimo
2355 3166 2418 3219 et
2474 3158 2789 3230 uberrimo,

549 3248 654 3306 sed.
700 3247 918 3305 fabulis
965 3268 1408 3327 nonnumquam
1455 3249 1630 3308 nimis
1676 3248 1894 3308 confiso
1941 3247 2185 3325 (Skevw,
2250 3246 2426 3308 Celtic
2494 3244 2787 3308 Scotland.

550 3331 920 3416 Edinburyh.
952 3334 1062 3395 vol.
1098 3341 1145 3397 1.
1183 3341 1290 3398 187
1294 3341 1350 3408 6,
1380 3333 1597 3420 Izi-story
1625 3337 1749 3397 and
1779 3334 2079 3420 ethnoloyy
2091 3359 2113 3408 ,·
2142 3336 2252 3398 vol.
2284 3341 2339 3397 2.
2376 3340 2544 3414 1877,
2578 3331 2789 3395 ohurch

550 3423 674 3483 and
718 3419 937 3484 culture
950 3443 971 3494 ,⁶
1015 3423 1126 3485 vol.
1158 3428 1213 3485 3.
1249 3429 1417 3499 1880,
1462 3424 1609 3486 land
1637 3425 1761 3486 and
1778 3424 2018 3506 people)
2066 3428 2254 3486 altero
2300 3425 2567 3502 Brightii
2599 3420 2789 3502 Early

550 3509 766 3594 meylish
797 3508 1011 3572 chun-72
1040 3510 1260 3592 history
1292 3510 1574 3596 (Ooeford.
1608 3518 1801 3593 1878),
1847 3516 1910 3574 111
1944 3536 2060 3592 quo
2094 3516 2248 3575 libro
2294 3520 2503 3573 auctor
2547 3514 2790 3585 scholas,-

551 3621 698 3677 quas
745 3602 819 3660 de
866 3601 1067 3660 Bedae
1112 3603 1363 3662 historia
1411 3604 1809 3663 ecclesiastica
1854 3625 2052 3663 coram
2092 3605 2414 3680 juvenibus
2458 3602 2787 3680 theologiae

550 3691 831 3749 studiosis
890 3690 1129 3765 habuit,
1192 3692 1278 3750 ita
1335 3692 1534 3765 auxit,
1592 3698 1662 3751 ut
1708 3693 2149 3752 adumbrandae
2194 3693 2512 3754 Britonum
2559 3697 2620 3750 et
2663 3691 2788 3750 An·

549 3780 781 3857 glorum
814 3779 1097 3838 historiae
1145 3780 1576 3839 ecclesiasticae
1622 3802 1740 3840 non
1787 3802 2002 3859 parvas
2046 3782 2340 3842 utilitates
2384 3780 2745 3858 praebuerit.

727 3867 902 3926 Alios
948 3868 1231 3946 denique,
1295 3870 1369 3928 ad
1416 3889 1563 3946 quos
1608 3870 1802 3929 rarius
1847 3871 2167 3948 provocavi
2227 3870 2412 3929 libros
2473 3876 2535 3928 et
2595 3868 2786 3927 omnia

549 3964 814 4018 veterum
876 3956 1232 4035 scriptorum
1290 3959 1632 4018 testimonia
1693 3959 1815 4018 suis
1874 3960 2020 4018 locis
2082 3960 2566 4019 commemorabO.
2656 3956 2785 4015 Hoc

548 4046 677 4106 loco
724 4045 811 4103 nil
856 4045 1153 4121 reliquum
1200 4052 1290 4106 est
1335 4047 1452 4106 nisi
1497 4054 1567 4106 ut
1609 4047 1754 4108 viris
1800 4048 1919 4108 illis
1966 4047 2349 4122 doctissimis,
2413 4046 2517 4124 qui
2578 4046 2785 4106 biblio·

731 4256 754 4287 ¹
792 4254 1081 4308 Summam
1116 4254 1408 4325 utriusque
1448 4256 1939 4310 commentationis
1977 4256 2231 4312 invenies
2280 4255 2431 4324 apud
2470 4254 2784 4311 Montalem-

548 4325 676 4390 bert,
717 4325 790 4380 les
827 4326 1031 4381 moines
1068 4326 1374 4381 d'oceident.
1415 4326 1534 4392 ΙΙΙ,
1575 4327 1875 4383 488-491.
