3025 4909
1195 197 1584 255 -5-

247 373 460 433 thecis
538 373 739 451 regiae
801 374 1179 434 Berolinensi
1238 381 1300 433 et
1357 375 1555 452 regiae
1613 375 1938 435 Dresdensi
1998 383 2059 436 et
2117 376 2515 437 bibliothecae

248 462 685 522 universitatis
717 463 1132 542 Gottingensis
1162 471 1462 542 praesunt,
1509 465 1735 541 gratias
1768 465 2117 542 persolvam,
2165 466 2324 543 quod
2369 488 2512 526 non-

252 552 464 611 nullos
509 552 725 626 libros,
797 554 900 631 qui
959 553 1022 611 in
1069 560 1305 613 nostrae
1351 554 1517 612 urbis
1563 553 1941 613 bibliothecis
1988 555 2230 628 desunt,
2303 576 2515 633 eosque

252 641 420 699 mihi
467 641 726 701 omnium
770 642 1116 702 utilissimos
1160 642 1305 701 mihi
1361 642 1850 702 transmittendos
1896 643 2227 704 liberaliter
2274 664 2513 704 curave-

253 736 439 806 runt,
487 737 549 789 et
591 736 661 790 ut
706 752 741 790 a
786 732 1108 791 lectoribus
1152 736 1384 809 petam,
1430 737 1499 790 ut
1545 731 1909 805 condonent,
1959 733 2118 810 quod
2164 734 2296 792 aliis
2342 733 2515 792 libris

254 818 639 879 Britannicis
656 863 670 892 ,
739 826 949 898 utpote
1019 840 1167 896 quos
1236 820 1485 898 adipisci
1552 841 1670 879 non
1741 821 2070 899 potuerim,
2148 822 2209 881 vi
2276 829 2515 882 coactus

254 908 365 968 uti
410 908 596 970 omisi.

451 998 621 1057 Haec
667 997 740 1056 de
784 998 984 1070 libris,
1045 998 1150 1074 qui
1209 997 1551 1074 adjumento
1601 997 1741 1056 mibi
1790 1004 1976 1058 erant.
2067 998 2268 1077 Ipsius
2314 999 2513 1078 dispu-

256 1085 517 1145 tationis
548 1087 853 1145 exordium
885 1087 960 1145 ab
992 1086 1266 1146 Ebrardo
1298 1085 1420 1145 fiat.
1511 1085 1857 1147 Sententiae
1889 1090 2016 1163 ejus
2047 1108 2272 1147 summa
2302 1089 2514 1148 haecce

261 1181 396 1235 est:
445 1174 761 1235 Britonum
794 1174 1225 1252 Scotorumque
1256 1175 1515 1249 ecclesia,
1572 1176 1906 1251 „culdeica“
1955 1179 2091 1252 jure
2136 1178 2512 1249 nominanda,

262 1264 414 1342 quia
474 1263 785 1325 christiani
838 1264 1175 1324 Britannici
1222 1270 1283 1323 et
1328 1262 1548 1324 Scotici
1608 1270 1670 1323 et
1731 1265 2193 1324 nominabantur
2239 1273 2300 1326 et
2345 1272 2516 1326 erant

260 1352 482 1414 Culdei
527 1353 566 1411 i.
600 1374 647 1412 e.
695 1353 810 1413 viri
856 1354 968 1426 dei,
1015 1352 1522 1431 peregrinantium
1569 1374 1750 1431 opera
1795 1361 2129 1432 propagata
2171 1375 2280 1433 per
2324 1362 2514 1415 totam
2569 1402 2575 1406 <

261 1441 534 1502 Galliam
551 1487 565 1515 ,
613 1441 1026 1514 Germaniam,
1087 1441 1428 1502 Helvetiam
1472 1442 1676 1520 paullo
1722 1448 1862 1502 ante
1907 1443 2199 1503 Bonifatii
2245 1450 2513 1522 tempora

261 1531 486 1590 mirum
531 1531 619 1589 in‘
640 1530 879 1589 modum
934 1531 1021 1591 ita
1066 1531 1349 1604 florebat,
1418 1537 1487 1589 ut
1545 1551 1665 1590 una
1725 1538 1787 1591 et
1841 1532 2057 1610 spiritu
2103 1540 2163 1593 et
2208 1533 2325 1592 fide
2370 1534 2514 1610 quin

263 1620 455 1680 etiam
495 1619 940 1696 jurisdictione,
989 1620 1212 1698 quippe
1262 1640 1412 1698 quae
1457 1621 1737 1679 universa
1784 1621 2020 1680 abbatis
2066 1621 2333 1682 Hiiensis
2377 1643 2513 1701 pro-

263 1708 468 1769 vincia
514 1715 685 1782 esset,
733 1709 1074 1787 evangelica
1104 1709 1349 1768 ecclesia
1379 1729 1567 1788 paene
1614 1709 1904 1788 appellari
1948 1716 2165 1788 posset,
2213 1732 2349 1769 nam
2395 1732 2515 1770 non

264 1799 459 1859 solum
503 1798 694 1857 libera
741 1804 870 1859 erat
909 1798 1325 1875 jurisdictione
1371 1798 1574 1876 papali
1619 1819 1806 1876 eaque
1853 1799 1927 1857 de
1973 1819 2148 1858 causa
2193 1801 2515 1878 respuebat

265 1907 499 1947 errores
543 1907 837 1960 romanos,
883 1893 1220 1948 sanctorum
1268 1893 1329 1946 et
1374 1886 1756 1964 reliquiarum
1803 1887 2053 1961 cultum,
2099 1888 2353 1948 honores
2397 1889 2512 1948 vir-

263 1976 516 2054 ginitati
560 1976 796 2036 habitos
812 2021 826 2049 ,
874 1975 1343 2035 communionem
1388 1977 1498 2035 sub
1542 1996 1689 2049 una,
1738 1976 1857 2034 alia
1902 1978 2088 2046 multa
2104 2021 2118 2050 ,
2166 1978 2270 2036 sed
2315 1977 2512 2051 etiam,

266 2064 430 2142 quod
477 2068 667 2140 majus
715 2070 834 2139 est,
881 2085 1083 2125 omnes
1128 2065 1305 2140 hujus
1351 2066 1629 2124 ecclesiae
1675 2066 2043 2139 sacerdotes,
2098 2087 2271 2143 pares
2317 2066 2510 2143 digni-

266 2159 427 2227 tate,
482 2153 768 2214 uxoribus
811 2175 930 2214 non
976 2160 1274 2227 carentes,
1336 2153 1825 2230 justificationem
1869 2175 1943 2213 ex
1987 2154 2104 2213 fide
2154 2162 2216 2214 et
2261 2176 2510 2233 evange·

269 2243 448 2302 licam
494 2243 737 2303 vivendi
781 2243 1073 2303 rationem
1118 2243 1405 2322 populum
1451 2243 1760 2302 docebant.
1829 2277 1903 2287 —
1969 2243 2247 2303 Profecto
2293 2244 2511 2321 gaudio

266 2338 426 2392 esset
456 2332 627 2391 nobis
659 2332 1031 2410 evangelicis,
1079 2332 1130 2391 si
1160 2352 1256 2391 res
1296 2332 1383 2391 ita
1412 2351 1537 2391 sese
1568 2332 1833 2407 baberet,
1881 2332 1984 2392 sed
2024 2367 2097 2376 —
2135 2332 2284 2410 proh
2318 2333 2514 2393 dolor!

265 2426 504 2481 tantum
567 2422 737 2482 abest
755 2467 769 2495 ,
837 2427 906 2480 ut
963 2421 1108 2480 baec
1151 2420 1413 2480 Ebrardi
1472 2421 1770 2481 sententia
1814 2420 2069 2482 veritate
2116 2421 2375 2495 nitatur,
2443 2428 2514 2482 ut

266 2512 394 2570 fere
441 2510 638 2570 omnia
656 2555 670 2584 ,
741 2531 893 2588 quae
939 2512 1193 2589 profert,
1254 2510 1402 2569 falsa
1449 2510 1583 2569 sint.
1677 2510 1853 2583 Quod
1898 2511 2043 2571 satis
2090 2511 2406 2589 apparebit
2449 2512 2511 2569 in

269 2598 374 2672 eis,
422 2620 574 2676 quae
621 2605 965 2677 sequuntur,
1015 2600 1127 2659 etsi
1172 2600 1496 2678 permulta,
1545 2620 1696 2677 quae
1742 2606 1948 2659 contra
1992 2600 2329 2659 Ebrardum
2379 2617 2511 2659 con-

271 2688 657 2767 scripseram,
719 2689 880 2767 typis
928 2689 1313 2767 exprimenda
1358 2710 1477 2748 non
1526 2710 1649 2749 esse
1697 2689 1926 2762 censui,
1987 2710 2060 2749 ne
2107 2689 2299 2748 virum
2345 2689 2513 2748 illum

271 2785 334 2837 et
393 2777 635 2837 canitiei
689 2784 1035 2837 ornamento
1099 2784 1159 2836 et
1217 2795 1435 2855 magna
1494 2778 1827 2838 studiorum
1872 2778 2163 2838 varietate
2224 2784 2285 2836 et
2342 2778 2514 2857 copia

263 2849 573 2943 juventuti
604 2887 768 2926 meae
800 2866 1116 2925 admodum
1145 2868 1562 2941 venerabilem,
1609 2868 1743 2945 plus
1790 2888 1967 2944 quam
2012 2869 2131 2926 fert
2176 2867 2512 2940 necessitas,

269 2976 513 3033 cogerer
555 2955 917 3034 vituperare.
1010 2955 1128 3016 Sed
1176 2956 1248 3015 de
1292 2955 1529 3015 nomine
1576 2956 1933 3015 Culdeorum
1989 2976 2180 3035 pauca
2232 2955 2512 3035 praemit-

268 3051 396 3104 tere
435 3048 628 3120 juvat.

450 3133 688 3207 Culdei,
735 3154 987 3210 quorum
1034 3154 1248 3192 nomen
1291 3129 1483 3207 XImi,
1530 3129 1760 3207 XIImi,
1807 3130 2045 3192 ΧΙΠ1πηὶ
2101 3134 2319 3193 saeculi
2363 3139 2510 3193 tem-

268 3222 512 3300 poribus
558 3223 899 3301 saepissime
946 3223 1204 3282 occurrit
1248 3223 1310 3281 in
1341 3223 1638 3282 Hibernia
1684 3230 1744 3283 et
1776 3221 1994 3296 Scotia,
2040 3228 2184 3282 tunc
2229 3222 2514 3301 temporis

271 3317 442 3370 erant
502 3311 701 3371 clerici
759 3312 1097 3389 regulares,
1168 3312 1451 3371 simillimi
1512 3313 1810 3372 canonicis
1858 3311 2079 3388 (Skene
2122 3311 2209 3386 II,
2256 3334 2313 3390 p.
2364 3314 2444 3370 27
2453 3314 2488 3370 7
2497 3357 2513 3386 ,

273 3399 401 3460 356
449 3422 577 3478 sqq.
603 3400 627 3437 1
675 3401 747 3459 cf.
794 3401 1001 3460 Braun
1049 3423 1107 3480 p.
1162 3402 1284 3479 19),
1353 3402 1445 3460 vel
1500 3404 1711 3462 saltem
1771 3402 1922 3461 tales
1983 3421 2108 3461 esse
2162 3401 2511 3461 debuerunt.

270 3489 423 3550 Nam
472 3490 631 3568 apud
662 3490 1034 3568 quarundam
1067 3490 1442 3550 ecclesiarum
1473 3489 1730 3550 Culdeos
1762 3491 2049 3566 (ecclesiis
2080 3490 2235 3549 enim
2268 3491 2513 3568 ascripti

271 3584 445 3637 erant
505 3598 821 3655 earumque
881 3579 1109 3652 reditu,
1194 3580 1289 3639 vel
1352 3579 1594 3640 decimis
1655 3580 1920 3639 fidelium
1981 3580 2075 3640 vel
2135 3579 2513 3658 praediorum

270 3667 580 3741 fructibus,
625 3668 1001 3746 fruebantur)
1032 3667 1347 3747 disciplina
1392 3669 1537 3728 adeo
1585 3670 1842 3747 collapsa
1888 3675 2035 3742 erat,
2082 3676 2167 3741 ut,
2212 3689 2288 3728 ne
2320 3668 2512 3728 dicam

271 3756 345 3814 de
390 3756 538 3829 aliis,
587 3754 765 3815 etiam
811 3757 1049 3834 publice
1096 3758 1158 3814 in
1204 3758 1595 3819 matrimoniis
1641 3759 1735 3819 vel
1782 3778 1915 3817 cum
1961 3756 2303 3817 concubinis
2348 3758 2510 3818 vive-

272 3852 409 3904 rent
454 3843 675 3921 (Skene
720 3845 807 3919 II,
854 3867 911 3924 p.
962 3848 1088 3905 356
1138 3850 1267 3924 sq.).
1360 3848 1493 3906 Hac
1538 3848 1670 3926 ipsa
1718 3848 1790 3906 de
1838 3865 2014 3906 causa
2062 3845 2328 3925 oppressi
2375 3852 2514 3905 sunt

457 4018 477 4049 ¹
517 4018 703 4074 Skene
740 4017 820 4083 ΙΙ,
879 4036 933 4087 p.
975 4019 1105 4074 359:
1170 4019 1323 4086 „The
1359 4019 1694 4090 community
1728 4020 1797 4087 of
1826 4019 1911 4073 the
1949 4019 2166 4074 Culdees
2202 4035 2314 4072 was
2349 4017 2512 4087 origi-

272 4088 425 4158 nally
459 4107 496 4143 a
532 4090 717 4160 colleye
752 4090 821 4159 of
849 4090 1056 4144 seeular
1093 4062 1285 4161 clei-’yffi
1323 4091 1438 4145 who
1475 4090 1612 4145 lived
1650 4090 1882 4160 toyether
1917 4091 2028 4146 and
2063 4089 2350 4144 submitted
2388 4091 2440 4143 to
2477 4107 2514 4143 a

271 4161 405 4225 ναῖε,
446 4161 531 4215 the
562 4161 842 4230 principal
876 4161 1234 4229 requio-emeat
1268 4164 1340 4232 of
1365 4160 1536 4217 which
1570 4178 1682 4216 was
1718 4180 1755 4216 a
1792 4178 2034 4216 common
2060 4160 2232 4216 table“
2259 4191 2323 4200 —-
2351 4160 2515 4230 „they

270 4247 405 4358 {gire
441 4233 738 4359 azaloqtveula
768 4235 821 4287 to
857 4232 1067 4288 secular
1103 4238 1339 4288 canona‘
1432 4232 1630 4288 Reeves
1675 4250 1746 4287 on
1793 4233 1878 4288 the
1914 4232 2130 4289 ancient
2165 4230 2418 4287 churches
2455 4230 2523 4299 of

2661 2794 2736 2862 ’ἢ

2721 2833 2762 2864 ’Υ

2771 2760 2902 2865 LL.
