3025 4909
1430 165 1878 223 -33-

539 345 914 425 praedicasse
960 342 1229 422 prodidit
1273 344 1370 418 (cf.
1418 342 1618 418 infra),
1673 341 1947 401 Muirchu
1994 347 2195 402 autem
2239 342 2395 402 sicut
2438 343 2854 420 posterioris

533 434 820 513 temporis
881 433 1199 510 scriptores
1261 452 1394 489 cum
1453 430 1601 489 alias
1645 430 1911 490 Patricio
1974 451 2107 490 cum
2152 432 2318 491 Mose
2365 432 2851 491 similitudines

535 524 716 583 fuisse
763 528 890 580 tum
944 522 1066 579 120
1114 541 1299 580 annos
1345 525 1552 578 natum
1598 525 1850 578 mortem
1897 540 2028 578 eum
2074 519 2293 580 obiisse
2338 526 2608 581 testatur
2649 522 2848 598 (vid.

533 612 790 672 Betham
836 610 923 683 II,
970 631 1107 687 app.
1152 631 1210 687 p.
1255 608 1381 669 XV
1428 614 1492 668 et
1536 608 1740 685 XVI),
1797 609 1953 667 unde
2000 609 2419 687 suspicandum
2465 617 2558 670 est
2606 610 2846 670 Muir-

536 703 749 762 chuum
809 700 985 759 sicuti
1040 698 1400 776 posteriores
1456 698 1760 774 putavisse
1805 698 2140 758 Patricium
2189 700 2272 757 60
2303 700 2417 759 .vel
2466 702 2502 757 7
2511 702 2550 758 2
2604 721 2848 759 annos

535 793 599 851 in
629 790 926 849 Hibernia
972 808 1098 847 esse
1143 793 1472 859 moratum3
1519 787 1776 865 denique
1822 787 2117 846 Muirchui
2164 789 2455 847 narratio:
2518 789 2848 849 Patricio

536 879 802 959 cupienti
847 878 1050 939 videre
1096 877 1290 937 sedem
1331 876 1720 953 apostolicam
1752 881 1813 935 et
1844 876 2070 936 discere
2102 877 2459 956 sapientiam
2488 878 2556 937 in
2587 878 2844 937 animo

534 971 716 1029 fuisse
747 967 1002 1026 Romam
1048 964 1342 1045 proficisci
1393 999 1470 1009 -
1522 965 1670 1024 adeo
1715 966 1953 1024 fabulae
1997 965 2171 1025 fictae
2217 966 2474 1043 speciem
2518 970 2845 1044 praebet,

535 1066 605 1118 ut
649 1056 822 1116 facile
867 1055 985 1115 tibi
1030 1054 1413 1133 persuadeas,
1471 1053 1895 1127 Tirechanum,
1953 1056 2068 1114 etsi
2112 1075 2233 1114 non
2278 1056 2366 1115 ita
2411 1058 2602 1115 multo
2653 1064 2843 1115 ante

535 1130 910 1206 Muirchuum
966 1143 1232 1223 scripsit,
1292 1148 1495 1202 tamen
1541 1143 1802 1202 fabulam
1846 1144 1946 1216 iis,
2008 1164 2161 1246 quae
2205 1145 2481 1204 Muirchu
2528 1153 2843 1218 enarrat,

536 1237 725 1295 multo
773 1234 1160 1294 vetustiorem
1208 1233 1585 1309 consignasse
1631 1232 1867 1292 litteris.

715 1323 807 1384 At
865 1323 1022 1382 unde
1082 1323 1307 1382 factum
1367 1327 1483 1394 est,
1546 1329 1617 1382 ut
1658 1321 1930 1381 Muirchu
1986 1322 2061 1381 de
2104 1321 2358 1382 Patricii
2416 1323 2640 1383 itinere
2687 1346 2842 1402 per

540 1414 774 1474 Gallias
821 1418 881 1472 et
926 1411 1171 1471 Italiam
1217 1412 1403 1471 verba
1449 1432 1567 1469 non
1614 1410 1880 1470 faceret?

714 1500 1096 1561 Perdifflcilis
1127 1500 1272 1559 haec
1306 1500 1593 1577 quaestio,
1640 1500 1992 1578 praesertim
2024 1520 2173 1573 cum,
2223 1521 2375 1579 quae
2405 1501 2689 1560 Muirehu
2730 1502 2836 1561 de

534 1592 789 1652 Patricii
829 1594 1145 1668 juventute
1193 1595 1254 1649 et
1299 1589 1590 1656 servitute
1635 1589 1989 1662 narraverit,
2037 1588 2154 1648 nisi
2199 1611 2272 1649 ex
2317 1590 2600 1667 capitulis
2641 1589 2833 1652 Aidi

535 1682 708 1741 nobis
752 1685 960 1739 uotum
1006 1698 1123 1737 non
1157 1678 1252 1751 sit,
1299 1698 1492 1755 neque
1536 1697 1709 1755 spero
1741 1699 1833 1736 me
1873 1698 2045 1756 posse
2076 1678 2228 1737 hanc
2261 1679 2672 1757 quaestionem
2706 1680 2829 1738 ita

537 1772 782 1842 solvere,
828 1775 899 1828 ut
945 1768 1127 1828 etiam
1174 1767 1512 1826 nolentibus
1560 1767 1963 1845 persuadeam.
2040 1768 2358 1846 Duplicem
2403 1775 2606 1828 autem
2652 1789 2823 1847 pro-

536 1880 758 1940 ponam
802 1859 1112 1929 rationem,
1161 1877 1280 1933 qua
1325 1856 1524 1915 nescio
1571 1876 1646 1914 an
1694 1856 1964 1933 quaestio
1996 1856 2102 1915 illa
2132 1858 2418 1918 solvatur.
2494 1858 2653 1917 Nam
2683 1864 2823 1917 aut

536 1947 877 2026 ignorantia
897 1952 1004 2006 aut
1022 1946 1095 2004 de
1116 1944 1411 2004 industria
1423 1945 1696 2004 Muirchu
1717 1944 1791 2002 de
1810 1945 2125 2005 itineribus
2144 1945 2263 2006 illis
2282 1948 2470 2006 verba
2489 1967 2610 2008 non
2626 1948 2814 2006 fecit.

715 2034 1068 2112 Ignorantia
1121 2035 1344 2093 factum
1401 2054 1526 2092 esse
1583 2033 1779 2106 nobis,
1840 2034 1891 2093 si
1945 2034 2236 2112 placeret,
2298 2042 2515 2113 putare
2561 2037 2810 2108 liceret,

462 2196 473 2208 ·
539 2126 681 2204 quia
709 2125 838 2203 ipse
861 2124 1136 2183 Muirchu
1166 2141 1368 2202 parva
1384 2120 1627 2202 peritia,
1657 2120 1887 2182 incertis
1917 2121 2267 2195 auctoribus,
2299 2123 2586 2184 memoria
2611 2122 2812 2195 labili,

537 2214 733 2275 attrito
777 2233 946 2275 semu
991 2209 1208 2273 librum
1253 2232 1423 2270 suum
1469 2233 1532 2270 se
1578 2212 1996 2290 conscripsisse
2042 2213 2362 2272 confitetur
2388 2213 2672 2288 (Betham
2701 2213 2810 2286 Π,

538 2326 676 2383 app.
708 2326 766 2383 p.
798 2303 1073 2380 XLHI).
1137 2301 1364 2360 Tamen
1411 2307 1473 2359 et
1522 2300 1663 2378 quia
1707 2301 1809 2360 vix
1855 2301 2139 2361 credibile
2171 2308 2262 2361 est
2296 2302 2671 2361 Muirchuum
2712 2323 2809 2361 ne

538 2393 946 2454 tenuissimam
1004 2391 1243 2468 quidem
1290 2389 1656 2448 auditionem
1714 2390 2008 2469 accepisse
2054 2391 2128 2449 de
2172 2391 2427 2449 Patricii
2472 2391 2812 2451 itineribus

539 2503 649 2560 per
712 2480 971 2540 Galliam
1032 2486 1094 2538 et
1138 2478 1384 2538 Italiam
1443 2484 1504 2538 et
1566 2478 1708 2555 quia
1769 2500 1901 2538 cum
1960 2480 2165 2539 fabula
2224 2480 2329 2538 illa
2390 2480 2464 2538 de
2526 2480 2811 2539 Patricio

538 2572 793 2631 Romam
841 2569 1007 2628 adire
1068 2567 1343 2644 cupiente
1403 2572 1532 2625 tum
1592 2568 1798 2640 verba,
1863 2588 2015 2645 quae
2072 2569 2136 2627 in
2183 2576 2448 2627 extremo
2495 2568 2812 2628 Muirchui

541 2661 695 2720 libro
743 2664 983 2718 exstant
1025 2656 1328 2734 prioribus
1359 2675 1549 2734 paene
1581 2656 1877 2715 contraria
1908 2657 2151 2716 haecce:
2200 2654 2272 2715 P.
2306 2653 2603 2738 colloquiis
2619 2656 2805 2739 frae-

541 2748 714 2809 batur
736 2743 1066 2827 anquelieis,
1091 2752 1404 2826 antequam
1425 2743 1500 2804 de
1522 2741 1722 2804 Scotia
1744 2744 1828 2805 ad
1841 2741 2094 2805 Latinos
2105 2754 2378 2827 perqeret
2402 2747 2686 2823 (Betham
2706 2747 2806 2819 II,

540 2859 681 2916 app.
728 2859 784 2915 p.
812 2834 1059 2936 XVII)
1105 2833 1450 2894 testimonio
1505 2853 1631 2892 esse
1644 2841 1940 2936 possunt
1980 2835 2354 2896 Muirchuum
2398 2837 2560 2895 fama
2606 2856 2804 2913 quan-

545 3013 927 3075 verisimilius
974 3012 1120 3070 mihi
1166 3010 1406 3070 videtur
1450 3031 1578 3071 esse
1607 3010 1980 3071 Muirchuum
2027 3013 2100 3071 de
2130 3013 2428 3073 industria
2458 3014 2644 3074 verba
2674 3034 2806 3073 non

543 3103 753 3163 fecisse
803 3102 876 3160 de
918 3100 1028 3158 illa
1074 3120 1154 3158 re.

723 3189 1110 3250 Adminiculo
1173 3208 1300 3249 esse
1354 3194 1557 3265 potest
1609 3188 1746 3247 huic
1802 3190 2071 3268 opinioni
2115 3190 2352 3249 dicendi
2397 3212 2611 3269 genus,
2676 3214 2799 3269 quo

477 3314 481 3317 ·
543 3280 820 3340 Muirchu
849 3299 990 3338 usus
1022 3285 1129 3340 est.
1198 3277 1431 3336 Audias
1462 3278 1716 3337 haecce
1700 3298 1763 3335 ιιι
1788 3279 2097 3379 capitulis,
2089 3278 2238 3338 Aidi
2260 3280 2487 3358 scripta
2513 3280 2803 3357 (Betham

546 3371 583 3428 1.
619 3390 666 3427 c.
700 3390 759 3447 p.
792 3367 1074 3445 XLIII).
1121 3363 1221 3425 De
1265 3373 1450 3427 aetate
1493 3364 1616 3448 ejus
1666 3366 1905 3448 quando
1949 3366 2069 3428 iens
2077 3349 2309 3429 videre
2340 3369 2538 3430 sedem
2567 3378 2800 3452 aposto-

544 3456 722 3518 licam
780 3453 959 3517 voluit
1019 3454 1235 3516 discere
1289 3453 1653 3556 sapientiam.
1703 3490 1787 3500 -—
1834 3452 1933 3515 De
1984 3455 2303 3518 inventione
2345 3457 2534 3517 saneti
2571 3458 2803 3540 yeneris

542 3546 606 3607 in
657 3540 871 3607 Galliis
917 3553 968 3604 et
1011 3544 1141 3605 ideo
1185 3562 1304 3602 non
1362 3542 1540 3604 eoeivit
1581 3541 1755 3603 ultra.
1803 3581 1891 3589 —-
1938 3551 1999 3605 et
2044 3546 2232 3618 dicas,
2280 3566 2475 3606 nonne
2520 3548 2801 3607 Muirchu

544 3635 692 3713 ipsis
737 3635 811 3694 iis
857 3635 1073 3707 verbis,
1122 3652 1372 3711 quorum
1416 3632 1521 3691 illa
1564 3634 1855 3711 praebent
1901 3640 2331 3711 argumentum,
2380 3636 2657 3696 videatur
2698 3657 2798 3695 ex-

547 3723 800 3802 plicasse
846 3743 966 3781 non
1013 3742 1160 3800 opus
1205 3720 1387 3780 fuisse
1433 3720 1647 3780 itinere
1686 3722 1975 3782 Romano.
2051 3723 2372 3783 Praeterea
2412 3726 2476 3783 in
2507 3726 2639 3804 ipsa
2668 3726 2801 3785 vita

546 3812 770 3890 scripta
835 3817 974 3872 sunt
1020 3812 1102 3888 (p.
1149 3810 1241 3886 Π)
1288 3810 1528 3869 haecce:
1590 3807 1666 3869 P.
1711 3809 1860 3871 venit
1918 3814 2016 3887 (ex
2063 3810 2290 3891 Gallia)
2334 3812 2398 3873 in
2441 3810 2800 3874 Britannias

548 3911 600 3962 et
655 3898 881 3962 omissis
941 3897 1204 3959 omnibus
1257 3895 1604 3960 ambulandi
1654 3898 2013 3981 anfractibus
2046 3911 2287 3981 praeter
2331 3921 2629 3962 commone
2670 3901 2800 3962 viae
2837 3903 2841 3907 ’

549 3989 807 4073 officium
860 4007 1028 4048 nemo
1086 3985 1237 4046 enim
1284 3985 1564 4049 dissidiae
1606 3988 1831 4069 quaerit
1875 3989 2180 4050 dominum
2200 3991 2223 4027 ¹
2269 4010 2402 4049 cum
2448 3991 2610 4051 omni
2650 3989 2794 4051 velo-
2869 3995 2880 4008 '

696 4197 717 4229 ²
759 4196 915 4265 Quae
953 4196 1130 4250 verba
1168 4213 1354 4252 annon
1390 4201 1546 4251 recte
1584 4199 1825 4251 verterit
1851 4198 2185 4252 Bethamius
2225 4197 2303 4262 II,
2344 4215 2399 4267 p.
2429 4200 2560 4254 307:
2597 4200 2691 4268 for
2725 4216 2798 4253 no

552 4270 759 4325 sineere
797 4284 894 4321 one
930 4266 1073 4322 seeks
1110 4268 1194 4323 the
1233 4268 1384 4325 Lord
1418 4269 1481 4324 in
1514 4269 1669 4334 vain,
1726 4270 1951 4337 dubito,
1991 4270 2092 4324 sed
2129 4287 2240 4324 non
2279 4269 2460 4324 audeo
2499 4288 2602 4340 pro
2640 4274 2794 4325 certo
