<?xml version="1.0" encoding="UTF-8"?>
<!DOCTYPE html PUBLIC "-//W3C//DTD XHTML 1.0 Transitional//EN"
    "http://www.w3.org/TR/xhtml1/DTD/xhtml1-transitional.dtd">
<html xmlns="http://www.w3.org/1999/xhtml" xml:lang="en" lang="en">
 <head>
  <title>
</title>
<meta http-equiv="Content-Type" content="text/html;charset=utf-8" />
  <meta name='ocr-system' content='tesseract 3.04.00' />
  <meta name='ocr-capabilities' content='ocr_page ocr_carea ocr_par ocr_line ocrx_word'/>
</head>
<body>
  <div class='ocr_page' id='page_1' title='image "./deantiquabriton00loofgoog_0114.png"; bbox 0 0 3025 4909; ppageno 0'>
   <div class='ocr_carea' id='block_1_1' title="bbox 1377 224 1855 280">
    <p class='ocr_par' dir='ltr' id='par_1_1' title="bbox 1377 224 1855 280">
     <span class='ocr_line' id='line_1_1' title="bbox 1377 224 1855 280; baseline 0 0"><span class='ocrx_word' id='word_1_1' title='bbox 1377 224 1855 280; x_wconf 83' lang='lat'>-108—</span> 
     </span>
    </p>
   </div>
   <div class='ocr_carea' id='block_1_2' title="bbox 479 395 2744 4385">
    <p class='ocr_par' dir='ltr' id='par_1_2' title="bbox 479 395 2744 4385">
     <span class='ocr_line' id='line_1_2' title="bbox 486 395 2741 478; baseline -0.001 -17"><span class='ocrx_word' id='word_1_2' title='bbox 486 395 835 475; x_wconf 87' lang='lat' dir='ltr'><strong>coenobiali,</strong></span> <span class='ocrx_word' id='word_1_3' title='bbox 882 407 1094 478; x_wconf 87' lang='lat' dir='ltr'><strong>utpote</strong></span> <span class='ocrx_word' id='word_1_4' title='bbox 1141 401 1492 474; x_wconf 86' lang='lat' dir='ltr'><strong>adulterina,</strong></span> <span class='ocrx_word' id='word_1_5' title='bbox 1542 422 1577 460; x_wconf 93' lang='lat' dir='ltr'><strong>a</strong></span> <span class='ocrx_word' id='word_1_6' title='bbox 1623 401 1929 460; x_wconf 80' lang='lat' dir='ltr'>malevolis</span> <span class='ocrx_word' id='word_1_7' title='bbox 1976 401 2385 460; x_wconf 87' lang='lat' dir='ltr'><strong>Benedictinis</strong></span> <span class='ocrx_word' id='word_1_8' title='bbox 2432 401 2741 459; x_wconf 81' lang='lat' dir='ltr'><strong>monachis</strong></span> 
     </span>
     <span class='ocr_line' id='line_1_3' title="bbox 488 483 2738 570; baseline -0.001 -20"><span class='ocrx_word' id='word_1_9' title='bbox 488 483 907 550; x_wconf 80' lang='lat' dir='ltr'><strong>contumeliose</strong></span> <span class='ocrx_word' id='word_1_10' title='bbox 954 491 1295 568; x_wconf 87' lang='lat' dir='ltr'><strong>composita,</strong></span> <span class='ocrx_word' id='word_1_11' title='bbox 1343 492 1526 549; x_wconf 89' lang='lat' dir='ltr'><strong>solam</strong></span> <span class='ocrx_word' id='word_1_12' title='bbox 1572 484 1735 549; x_wconf 84' lang='lat' dir='ltr'><strong>illam</strong></span> <span class='ocrx_word' id='word_1_13' title='bbox 1781 487 2044 570; x_wconf 68' lang='lat' dir='ltr'><strong>reyulam</strong></span> <span class='ocrx_word' id='word_1_14' title='bbox 2099 487 2462 561; x_wconf 74' lang='lat' dir='ltr'><strong>Columbani,</strong></span> <span class='ocrx_word' id='word_1_15' title='bbox 2511 490 2738 568; x_wconf 82' lang='lat' dir='ltr'><strong>quippe</strong></span> 
     </span>
     <span class='ocr_line' id='line_1_4' title="bbox 487 578 2735 657; baseline -0.001 -20"><span class='ocrx_word' id='word_1_16' title='bbox 487 597 642 657; x_wconf 88' lang='lat' dir='ltr'><strong>quae</strong></span> <span class='ocrx_word' id='word_1_17' title='bbox 690 579 1066 655; x_wconf 83' lang='lat' dir='ltr'><strong>evangelicae</strong></span> <span class='ocrx_word' id='word_1_18' title='bbox 1111 579 1410 638; x_wconf 81' lang='lat' dir='ltr'><strong>libertatis</strong></span> <span class='ocrx_word' id='word_1_19' title='bbox 1457 579 1764 638; x_wconf 89' lang='lat' dir='ltr'><strong>doctrinae</strong></span> <span class='ocrx_word' id='word_1_20' title='bbox 1810 580 1986 657; x_wconf 86' lang='lat' dir='ltr'><strong>plena</strong></span> <span class='ocrx_word' id='word_1_21' title='bbox 2033 580 2113 638; x_wconf 90' lang='lat' dir='ltr'><strong>sit</strong></span> <span class='ocrx_word' id='word_1_22' title='bbox 2145 579 2200 656; x_wconf 72' lang='lat' dir='ltr'><strong>(P</strong></span> <span class='ocrx_word' id='word_1_23' title='bbox 2233 582 2306 638; x_wconf 84' lang='lat' dir='ltr'><strong>cf.</strong></span> <span class='ocrx_word' id='word_1_24' title='bbox 2338 579 2614 655; x_wconf 84' lang='lat' dir='ltr'><strong>Loening</strong></span> <span class='ocrx_word' id='word_1_25' title='bbox 2645 578 2735 652; x_wconf 90' lang='grc' dir='ltr'><strong>Π,</strong></span> 
     </span>
     <span class='ocr_line' id='line_1_5' title="bbox 485 662 2737 747; baseline 0 -22"><span class='ocrx_word' id='word_1_26' title='bbox 485 690 545 747; x_wconf 89' lang='lat' dir='ltr'><strong>p.</strong></span> <span class='ocrx_word' id='word_1_27' title='bbox 579 662 733 744; x_wconf 79' lang='lat'>432)</span> <span class='ocrx_word' id='word_1_28' title='bbox 781 688 817 725; x_wconf 90' lang='lat' dir='ltr'><strong>a</strong></span> <span class='ocrx_word' id='word_1_29' title='bbox 856 667 1145 727; x_wconf 85' lang='lat' dir='ltr'><strong>Columba</strong></span> <span class='ocrx_word' id='word_1_30' title='bbox 1191 669 1474 747; x_wconf 81' lang='lat' dir='ltr'><strong>scriptam</strong></span> <span class='ocrx_word' id='word_1_31' title='bbox 1525 689 1650 726; x_wconf 90' lang='lat' dir='ltr'><strong>esse</strong></span> <span class='ocrx_word' id='word_1_32' title='bbox 1695 667 1969 728; x_wconf 89' lang='lat' dir='ltr'><strong>affirmat.</strong></span> <span class='ocrx_word' id='word_1_33' title='bbox 2032 669 2116 727; x_wconf 83' lang='lat' dir='ltr'><strong>Et</strong></span> <span class='ocrx_word' id='word_1_34' title='bbox 2164 669 2340 728; x_wconf 86' lang='lat' dir='ltr'><strong>certis</strong></span> <span class='ocrx_word' id='word_1_35' title='bbox 2386 668 2737 727; x_wconf 88' lang='lat' dir='ltr'><strong>auctoribus</strong></span> 
     </span>
     <span class='ocr_line' id='line_1_6' title="bbox 484 756 2739 840; baseline 0 -26"><span class='ocrx_word' id='word_1_36' title='bbox 484 756 597 815; x_wconf 93' lang='lat' dir='ltr'><strong>hoc</strong></span> <span class='ocrx_word' id='word_1_37' title='bbox 652 757 1004 835; x_wconf 89' lang='lat' dir='ltr'><strong>comperisse</strong></span> <span class='ocrx_word' id='word_1_38' title='bbox 1065 757 1328 830; x_wconf 84' lang='lat' dir='ltr'><strong>videtur,</strong></span> <span class='ocrx_word' id='word_1_39' title='bbox 1397 758 1664 833; x_wconf 87' lang='lat' dir='ltr'><strong>alioquin</strong></span> <span class='ocrx_word' id='word_1_40' title='bbox 1725 777 1926 815; x_wconf 89' lang='lat' dir='ltr'><strong>omnes</strong></span> <span class='ocrx_word' id='word_1_41' title='bbox 1990 758 2168 816; x_wconf 88' lang='lat' dir='ltr'><strong>aliter</strong></span> <span class='ocrx_word' id='word_1_42' title='bbox 2207 756 2549 840; x_wconf 21' lang='lat' dir='ltr'><strong>‘sentientes</strong></span> <span class='ocrx_word' id='word_1_43' title='bbox 2607 763 2739 815; x_wconf 88' lang='lat' dir='ltr'><strong>tam</strong></span> 
     </span>
     <span class='ocr_line' id='line_1_7' title="bbox 486 837 2654 924; baseline -0 -20"><span class='ocrx_word' id='word_1_44' title='bbox 486 846 712 904; x_wconf 80' lang='lat' dir='ltr'><strong>acerbis</strong></span> <span class='ocrx_word' id='word_1_45' title='bbox 752 845 984 903; x_wconf 88' lang='lat' dir='ltr'><strong>facetiis</strong></span> <span class='ocrx_word' id='word_1_46' title='bbox 1030 865 1147 904; x_wconf 91' lang='lat' dir='ltr'><strong>non</strong></span> <span class='ocrx_word' id='word_1_47' title='bbox 1194 845 1477 905; x_wconf 83' lang='lat' dir='ltr'><strong>irrisisset</strong></span> <span class='ocrx_word' id='word_1_48' title='bbox 1522 866 1734 924; x_wconf 90' lang='lat' dir='ltr'><strong>parum</strong></span> <span class='ocrx_word' id='word_1_49' title='bbox 1781 837 2095 923; x_wconf 80' lang='lat' dir='ltr'><strong>diligentes</strong></span> <span class='ocrx_word' id='word_1_50' title='bbox 2142 866 2241 904; x_wconf 93' lang='lat' dir='ltr'><strong>eos</strong></span> <span class='ocrx_word' id='word_1_51' title='bbox 2288 847 2611 924; x_wconf 88' lang='lat' dir='ltr'><strong>appellans.</strong></span> <span class='ocrx_word' id='word_1_52' title='bbox 2649 853 2654 856; x_wconf 83' lang='grc'><strong>’</strong></span> 
     </span>
     <span class='ocr_line' id='line_1_8' title="bbox 664 934 2736 1011; baseline 0 -20"><span class='ocrx_word' id='word_1_53' title='bbox 664 934 1019 1011; x_wconf 89' lang='lat' dir='ltr'><strong>Importuna</strong></span> <span class='ocrx_word' id='word_1_54' title='bbox 1064 955 1206 993; x_wconf 89' lang='lat' dir='ltr'><strong>sane</strong></span> <span class='ocrx_word' id='word_1_55' title='bbox 1249 935 1351 993; x_wconf 88' lang='lat' dir='ltr'><strong>illa</strong></span> <span class='ocrx_word' id='word_1_56' title='bbox 1381 935 1617 994; x_wconf 73' lang='lat' dir='ltr'><strong>derisio·</strong></span> <span class='ocrx_word' id='word_1_57' title='bbox 1694 934 1854 1007; x_wconf 76' lang='lat' dir='ltr'><strong>Quid</strong></span> <span class='ocrx_word' id='word_1_58' title='bbox 1901 936 1952 994; x_wconf 90' lang='lat' dir='ltr'><strong>si</strong></span> <span class='ocrx_word' id='word_1_59' title='bbox 1997 935 2060 993; x_wconf 93' lang='lat' dir='ltr'><strong>in</strong></span> <span class='ocrx_word' id='word_1_60' title='bbox 2106 935 2299 1011; x_wconf 89' lang='lat' dir='ltr'><strong>ipsum</strong></span> <span class='ocrx_word' id='word_1_61' title='bbox 2329 934 2556 994; x_wconf 89' lang='lat' dir='ltr'><strong>recidat</strong></span> <span class='ocrx_word' id='word_1_62' title='bbox 2587 935 2736 994; x_wconf 82' lang='lat' dir='ltr'><strong>levi-</strong></span> 
     </span>
     <span class='ocr_line' id='line_1_9' title="bbox 483 1022 2735 1102; baseline 0 -20"><span class='ocrx_word' id='word_1_63' title='bbox 483 1024 630 1082; x_wconf 81' lang='lat' dir='ltr'><strong>tatis</strong></span> <span class='ocrx_word' id='word_1_64' title='bbox 663 1022 1095 1100; x_wconf 81' lang='lat' dir='ltr'><strong>opprobrium?</strong></span> <span class='ocrx_word' id='word_1_65' title='bbox 1142 1023 1414 1083; x_wconf 88' lang='lat' dir='ltr'><strong>Ebrardo</strong></span> <span class='ocrx_word' id='word_1_66' title='bbox 1463 1024 1619 1082; x_wconf 91' lang='lat' dir='ltr'><strong>enim</strong></span> <span class='ocrx_word' id='word_1_67' title='bbox 1661 1026 1787 1098; x_wconf 87' lang='lat' dir='ltr'><strong>jam</strong></span> <span class='ocrx_word' id='word_1_68' title='bbox 1818 1024 1930 1082; x_wconf 92' lang='lat' dir='ltr'><strong>hoc</strong></span> <span class='ocrx_word' id='word_1_69' title='bbox 1962 1024 2349 1102; x_wconf 89' lang='lat' dir='ltr'><strong>suspiciosum</strong></span> <span class='ocrx_word' id='word_1_70' title='bbox 2382 1044 2508 1082; x_wconf 88' lang='lat' dir='ltr'><strong>esse</strong></span> <span class='ocrx_word' id='word_1_71' title='bbox 2539 1025 2735 1082; x_wconf 83' lang='lat' dir='ltr'><strong>visum</strong></span> 
     </span>
     <span class='ocr_line' id='line_1_10' title="bbox 487 1106 2737 1188; baseline 0 -19"><span class='ocrx_word' id='word_1_72' title='bbox 487 1117 605 1185; x_wconf 89' lang='lat' dir='ltr'><strong>est,</strong></span> <span class='ocrx_word' id='word_1_73' title='bbox 669 1112 822 1188; x_wconf 88' lang='lat' dir='ltr'><strong>quod</strong></span> <span class='ocrx_word' id='word_1_74' title='bbox 872 1113 1079 1188; x_wconf 86' lang='lat' dir='ltr'><strong>regula</strong></span> <span class='ocrx_word' id='word_1_75' title='bbox 1125 1113 1227 1170; x_wconf 88' lang='lat' dir='ltr'><strong>illa</strong></span> <span class='ocrx_word' id='word_1_76' title='bbox 1275 1106 1637 1172; x_wconf 79' lang='lat' dir='ltr'><strong>coenobialis</strong></span> <span class='ocrx_word' id='word_1_77' title='bbox 1695 1112 1810 1170; x_wconf 91' lang='lat' dir='ltr'><strong>nisi</strong></span> <span class='ocrx_word' id='word_1_78' title='bbox 1869 1112 1934 1170; x_wconf 92' lang='lat' dir='ltr'><strong>in</strong></span> <span class='ocrx_word' id='word_1_79' title='bbox 1991 1111 2221 1172; x_wconf 88' lang='lat' dir='ltr'><strong>duobus</strong></span> <span class='ocrx_word' id='word_1_80' title='bbox 2266 1113 2566 1172; x_wconf 84' lang='lat' dir='ltr'><strong>codicibus</strong></span> <span class='ocrx_word' id='word_1_81' title='bbox 2613 1132 2737 1171; x_wconf 89' lang='lat' dir='ltr'><strong>non</strong></span> 
     </span>
     <span class='ocr_line' id='line_1_11' title="bbox 488 1193 2737 1280; baseline 0.001 -23"><span class='ocrx_word' id='word_1_82' title='bbox 488 1206 766 1272; x_wconf 82' lang='lat' dir='ltr'><strong>exstaret,</strong></span> <span class='ocrx_word' id='word_1_83' title='bbox 813 1193 930 1259; x_wconf 89' lang='lat' dir='ltr'><strong>uno</strong></span> <span class='ocrx_word' id='word_1_84' title='bbox 977 1208 1122 1273; x_wconf 90' lang='lat' dir='ltr'><strong>tum,</strong></span> <span class='ocrx_word' id='word_1_85' title='bbox 1172 1222 1301 1259; x_wconf 89' lang='lat' dir='ltr'><strong>cum</strong></span> <span class='ocrx_word' id='word_1_86' title='bbox 1350 1201 1508 1260; x_wconf 90' lang='lat' dir='ltr'><strong>Bibl.</strong></span> <span class='ocrx_word' id='word_1_87' title='bbox 1557 1221 1708 1259; x_wconf 83' lang='lat' dir='ltr'><strong>max.</strong></span> <span class='ocrx_word' id='word_1_88' title='bbox 1756 1200 1910 1259; x_wconf 81' lang='lat' dir='ltr'><strong>XII.</strong></span> <span class='ocrx_word' id='word_1_89' title='bbox 1958 1201 2020 1260; x_wconf 89' lang='lat' dir='ltr'><strong>in</strong></span> <span class='ocrx_word' id='word_1_90' title='bbox 2068 1202 2257 1259; x_wconf 89' lang='lat' dir='ltr'><strong>lucem</strong></span> <span class='ocrx_word' id='word_1_91' title='bbox 2307 1201 2532 1280; x_wconf 89' lang='lat' dir='ltr'><strong>prodiit</strong></span> <span class='ocrx_word' id='word_1_92' title='bbox 2578 1202 2641 1277; x_wconf 89' lang='lat' dir='ltr'><strong>(i.</strong></span> <span class='ocrx_word' id='word_1_93' title='bbox 2683 1222 2737 1259; x_wconf 88' lang='lat' dir='ltr'><strong>e.</strong></span> 
     </span>
     <span class='ocr_line' id='line_1_12' title="bbox 493 1289 2737 1367; baseline 0.001 -21"><span class='ocrx_word' id='word_1_94' title='bbox 493 1290 689 1365; x_wconf 90' lang='lat'>1707)</span> <span class='ocrx_word' id='word_1_95' title='bbox 735 1290 832 1348; x_wconf 86' lang='lat' dir='ltr'><strong>vel</strong></span> <span class='ocrx_word' id='word_1_96' title='bbox 891 1292 1112 1349; x_wconf 89' lang='lat' dir='ltr'><strong>rectius</strong></span> <span class='ocrx_word' id='word_1_97' title='bbox 1171 1297 1325 1362; x_wconf 90' lang='lat' dir='ltr'><strong>tum,</strong></span> <span class='ocrx_word' id='word_1_98' title='bbox 1397 1311 1529 1348; x_wconf 91' lang='lat' dir='ltr'><strong>cum</strong></span> <span class='ocrx_word' id='word_1_99' title='bbox 1589 1289 1885 1349; x_wconf 89' lang='lat' dir='ltr'><strong>Patritius</strong></span> <span class='ocrx_word' id='word_1_100' title='bbox 1945 1290 2290 1367; x_wconf 78' lang='lat' dir='ltr'><strong>Fleminigus</strong></span> <span class='ocrx_word' id='word_1_101' title='bbox 2353 1290 2737 1349; x_wconf 84' lang='lat' dir='ltr'><strong>Collectanea</strong></span> 
     </span>
     <span class='ocr_line' id='line_1_13' title="bbox 485 1377 2736 1456; baseline 0 -19"><span class='ocrx_word' id='word_1_102' title='bbox 485 1397 593 1437; x_wconf 86' lang='lat' dir='ltr'><strong>sua</strong></span> <span class='ocrx_word' id='word_1_103' title='bbox 655 1379 988 1456; x_wconf 88' lang='lat' dir='ltr'><strong>composuit</strong></span> <span class='ocrx_word' id='word_1_104' title='bbox 1047 1379 1108 1453; x_wconf 90' lang='lat' dir='ltr'><strong>(i.</strong></span> <span class='ocrx_word' id='word_1_105' title='bbox 1157 1400 1206 1437; x_wconf 88' lang='lat' dir='ltr'><strong>e.</strong></span> <span class='ocrx_word' id='word_1_106' title='bbox 1254 1380 1474 1455; x_wconf 93' lang='grc'>1667),</span> <span class='ocrx_word' id='word_1_107' title='bbox 1547 1379 1889 1437; x_wconf 86' lang='lat' dir='ltr'><strong>monasterii</strong></span> <span class='ocrx_word' id='word_1_108' title='bbox 1943 1377 2087 1438; x_wconf 82' lang='lat' dir='ltr'><strong>Stae</strong></span> <span class='ocrx_word' id='word_1_109' title='bbox 2134 1377 2323 1438; x_wconf 86' lang='lat' dir='ltr'><strong>Afrae</strong></span> <span class='ocrx_word' id='word_1_110' title='bbox 2369 1378 2736 1455; x_wconf 85' lang='lat' dir='ltr'><strong>Augustani,</strong></span> 
     </span>
     <span class='ocr_line' id='line_1_14' title="bbox 485 1465 2734 1544; baseline 0 -19"><span class='ocrx_word' id='word_1_111' title='bbox 485 1468 672 1525; x_wconf 87' lang='lat' dir='ltr'><strong>altero</strong></span> <span class='ocrx_word' id='word_1_112' title='bbox 705 1465 1100 1527; x_wconf 83' lang='lat' dir='ltr'><strong>Oxenhusano</strong></span> <span class='ocrx_word' id='word_1_113' title='bbox 1146 1467 1494 1527; x_wconf 87' lang='lat' dir='ltr'><strong>monasterii</strong></span> <span class='ocrx_word' id='word_1_114' title='bbox 1527 1467 1620 1526; x_wconf 85' lang='lat' dir='ltr'><strong>Sti</strong></span> <span class='ocrx_word' id='word_1_115' title='bbox 1650 1466 1982 1541; x_wconf 85' lang='lat' dir='ltr'><strong>Benedicti,</strong></span> <span class='ocrx_word' id='word_1_116' title='bbox 2030 1472 2092 1526; x_wconf 88' lang='lat' dir='ltr'><strong>et</strong></span> <span class='ocrx_word' id='word_1_117' title='bbox 2139 1468 2299 1544; x_wconf 89' lang='lat' dir='ltr'><strong>quod</strong></span> <span class='ocrx_word' id='word_1_118' title='bbox 2343 1469 2501 1526; x_wconf 89' lang='lat' dir='ltr'><strong>solus</strong></span> <span class='ocrx_word' id='word_1_119' title='bbox 2535 1467 2734 1526; x_wconf 84' lang='lat' dir='ltr'><strong>Oxen-</strong></span> 
     </span>
     <span class='ocr_line' id='line_1_15' title="bbox 483 1555 2736 1633; baseline 0.001 -21"><span class='ocrx_word' id='word_1_120' title='bbox 483 1556 746 1615; x_wconf 82' lang='lat' dir='ltr'><strong>husanus</strong></span> <span class='ocrx_word' id='word_1_121' title='bbox 790 1556 1058 1632; x_wconf 77' lang='lat' dir='ltr'><strong>regulam</strong></span> <span class='ocrx_word' id='word_1_122' title='bbox 1105 1557 1269 1615; x_wconf 90' lang='lat' dir='ltr'><strong>illam</strong></span> <span class='ocrx_word' id='word_1_123' title='bbox 1318 1557 1642 1617; x_wconf 83' lang='lat' dir='ltr'><strong>Columbae</strong></span> <span class='ocrx_word' id='word_1_124' title='bbox 1699 1557 2089 1617; x_wconf 84' lang='lat' dir='ltr'><strong>attribueret.</strong></span> <span class='ocrx_word' id='word_1_125' title='bbox 2161 1577 2290 1614; x_wconf 91' lang='lat' dir='ltr'><strong>cum</strong></span> <span class='ocrx_word' id='word_1_126' title='bbox 2338 1555 2736 1633; x_wconf 83' lang='lat' dir='ltr'><strong>Augustanus</strong></span> 
     </span>
     <span class='ocr_line' id='line_1_16' title="bbox 486 1641 2737 1732; baseline 0 -31"><span class='ocrx_word' id='word_1_127' title='bbox 486 1664 616 1701; x_wconf 84' lang='lat' dir='ltr'><strong>eam</strong></span> <span class='ocrx_word' id='word_1_128' title='bbox 676 1644 984 1703; x_wconf 84' lang='lat' dir='ltr'><strong>exhiberet</strong></span> <span class='ocrx_word' id='word_1_129' title='bbox 1040 1641 1327 1722; x_wconf 89' lang='lat' dir='ltr'><strong>tanquam</strong></span> <span class='ocrx_word' id='word_1_130' title='bbox 1386 1643 1688 1732; x_wconf 64' lang='lat' dir='ltr'><strong>,flatrum</strong></span> <span class='ocrx_word' id='word_1_131' title='bbox 1742 1644 1816 1705; x_wconf 80' lang='lat' dir='ltr'><strong>de</strong></span> <span class='ocrx_word' id='word_1_132' title='bbox 1860 1641 2152 1704; x_wconf 79' lang='lat' dir='ltr'><strong>Hibernia</strong></span> <span class='ocrx_word' id='word_1_133' title='bbox 2195 1642 2519 1725; x_wconf 54' lang='lat' dir='ltr'><strong>reyulam‘fi</strong></span> <span class='ocrx_word' id='word_1_134' title='bbox 2612 1645 2737 1704; x_wconf 83' lang='lat' dir='ltr'><strong>Sed</strong></span> 
     </span>
     <span class='ocr_line' id='line_1_17' title="bbox 484 1721 2735 1793; baseline 0.001 -3"><span class='ocrx_word' id='word_1_135' title='bbox 484 1721 638 1791; x_wconf 84' lang='lat' dir='ltr'><strong>hanc</strong></span> <span class='ocrx_word' id='word_1_136' title='bbox 683 1733 755 1790; x_wconf 89' lang='lat' dir='ltr'><strong>de</strong></span> <span class='ocrx_word' id='word_1_137' title='bbox 803 1733 1103 1793; x_wconf 87' lang='lat' dir='ltr'><strong>codicibus</strong></span> <span class='ocrx_word' id='word_1_138' title='bbox 1146 1735 1422 1793; x_wconf 82' lang='lat' dir='ltr'><strong>notitiam</strong></span> <span class='ocrx_word' id='word_1_139' title='bbox 1469 1756 1542 1793; x_wconf 82' lang='lat' dir='ltr'><strong>ex</strong></span> <span class='ocrx_word' id='word_1_140' title='bbox 1588 1736 1712 1793; x_wconf 90' lang='lat' dir='ltr'><strong>sola</strong></span> <span class='ocrx_word' id='word_1_141' title='bbox 1758 1734 2133 1793; x_wconf 88' lang='lat' dir='ltr'><strong>Bibliotheca</strong></span> <span class='ocrx_word' id='word_1_142' title='bbox 2190 1735 2444 1793; x_wconf 84' lang='lat' dir='ltr'><strong>maxima</strong></span> <span class='ocrx_word' id='word_1_143' title='bbox 2499 1754 2561 1793; x_wconf 89' lang='lat' dir='ltr'><strong>se</strong></span> <span class='ocrx_word' id='word_1_144' title='bbox 2607 1754 2735 1792; x_wconf 92' lang='lat' dir='ltr'><strong>mu-</strong></span> 
     </span>
     <span class='ocr_line' id='line_1_18' title="bbox 485 1821 2730 1906; baseline -0 -26"><span class='ocrx_word' id='word_1_145' title='bbox 485 1826 719 1880; x_wconf 89' lang='lat' dir='ltr'><strong>tuatum</strong></span> <span class='ocrx_word' id='word_1_146' title='bbox 781 1842 907 1881; x_wconf 90' lang='lat' dir='ltr'><strong>esse</strong></span> <span class='ocrx_word' id='word_1_147' title='bbox 966 1829 1140 1899; x_wconf 84' lang='lat' dir='ltr'><strong>grata</strong></span> <span class='ocrx_word' id='word_1_148' title='bbox 1204 1823 1585 1902; x_wconf 87' lang='lat' dir='ltr'><strong>simplicitate</strong></span> <span class='ocrx_word' id='word_1_149' title='bbox 1646 1821 1962 1882; x_wconf 87' lang='lat' dir='ltr'><strong>confitetur</strong></span> <span class='ocrx_word' id='word_1_150' title='bbox 2032 1824 2130 1906; x_wconf 85' lang='lat' dir='ltr'><strong>(cf.</strong></span> <span class='ocrx_word' id='word_1_151' title='bbox 2192 1821 2432 1882; x_wconf 85' lang='lat' dir='ltr'><strong>Ebrard</strong></span> <span class='ocrx_word' id='word_1_152' title='bbox 2492 1844 2551 1901; x_wconf 91' lang='lat' dir='ltr'><strong>p.</strong></span> <span class='ocrx_word' id='word_1_153' title='bbox 2606 1823 2730 1880; x_wconf 84' lang='lat'><strong>149</strong></span> 
     </span>
     <span class='ocr_line' id='line_1_19' title="bbox 486 1902 2744 1994; baseline 0 -26"><span class='ocrx_word' id='word_1_154' title='bbox 486 1918 607 1969; x_wconf 79' lang='lat' dir='ltr'><strong>no‘t.</strong></span> <span class='ocrx_word' id='word_1_155' title='bbox 659 1911 784 1987; x_wconf 88' lang='grc'>61),</span> <span class='ocrx_word' id='word_1_156' title='bbox 834 1911 995 1988; x_wconf 89' lang='lat' dir='ltr'><strong>quod</strong></span> <span class='ocrx_word' id='word_1_157' title='bbox 1039 1932 1112 1970; x_wconf 92' lang='lat' dir='ltr'><strong>ne</strong></span> <span class='ocrx_word' id='word_1_158' title='bbox 1158 1912 1704 1972; x_wconf 87' lang='lat' dir='ltr'><strong>benevolentissimi</strong></span> <span class='ocrx_word' id='word_1_159' title='bbox 1749 1912 1989 1987; x_wconf 90' lang='lat' dir='ltr'><strong>quidem</strong></span> <span class='ocrx_word' id='word_1_160' title='bbox 2035 1902 2584 1993; x_wconf 33' lang='lat' dir='ltr'><strong>lectoris-animum</strong></span> <span class='ocrx_word' id='word_1_161' title='bbox 2631 1926 2744 1994; x_wconf 73' lang='lat' dir='ltr'><strong>ex·j</strong></span> 
     </span>
     <span class='ocr_line' id='line_1_20' title="bbox 484 2000 2734 2076; baseline 0.001 -19"><span class='ocrx_word' id='word_1_162' title='bbox 484 2000 648 2076; x_wconf 84' lang='lat' dir='ltr'><strong>plere</strong></span> <span class='ocrx_word' id='word_1_163' title='bbox 690 2006 909 2076; x_wconf 84' lang='lat' dir='ltr'><strong>potest.</strong></span> <span class='ocrx_word' id='word_1_164' title='bbox 970 2001 1125 2061; x_wconf 85' lang='lat' dir='ltr'><strong>Nam</strong></span> <span class='ocrx_word' id='word_1_165' title='bbox 1157 2022 1289 2060; x_wconf 90' lang='lat' dir='ltr'><strong>cum</strong></span> <span class='ocrx_word' id='word_1_166' title='bbox 1334 2001 1472 2060; x_wconf 89' lang='lat' dir='ltr'><strong>illae</strong></span> <span class='ocrx_word' id='word_1_167' title='bbox 1503 2000 1915 2059; x_wconf 87' lang='lat' dir='ltr'><strong>Bibliothecae</strong></span> <span class='ocrx_word' id='word_1_168' title='bbox 1960 2000 2253 2059; x_wconf 86' lang='lat' dir='ltr'><strong>maximae</strong></span> <span class='ocrx_word' id='word_1_169' title='bbox 2285 2000 2734 2060; x_wconf 78' lang='lat' dir='ltr'><strong>observationes</strong></span> 
     </span>
     <span class='ocr_line' id='line_1_21' title="bbox 484 2079 2733 2167; baseline 0.001 -22"><span class='ocrx_word' id='word_1_170' title='bbox 484 2088 763 2166; x_wconf 79' lang='lat' dir='ltr'><strong>praeviae</strong></span> <span class='ocrx_word' id='word_1_171' title='bbox 808 2090 1209 2167; x_wconf 88' lang='lat' dir='ltr'><strong>transcriptae</strong></span> <span class='ocrx_word' id='word_1_172' title='bbox 1268 2091 1389 2149; x_wconf 89' lang='lat' dir='ltr'><strong>sint</strong></span> <span class='ocrx_word' id='word_1_173' title='bbox 1443 2109 1515 2147; x_wconf 83' lang='lat' dir='ltr'><strong>ex</strong></span> <span class='ocrx_word' id='word_1_174' title='bbox 1560 2079 1855 2166; x_wconf 82' lang='lat' dir='ltr'><strong>Flemingi</strong></span> <span class='ocrx_word' id='word_1_175' title='bbox 1903 2089 2326 2161; x_wconf 84' lang='lat' dir='ltr'><strong>Collectaneis,</strong></span> <span class='ocrx_word' id='word_1_176' title='bbox 2386 2089 2733 2167; x_wconf 86' lang='lat' dir='ltr'><strong>vituperan-</strong></span> 
     </span>
     <span class='ocr_line' id='line_1_22' title="bbox 486 2173 2735 2255; baseline 0 -20"><span class='ocrx_word' id='word_1_177' title='bbox 486 2177 625 2236; x_wconf 91' lang='lat' dir='ltr'><strong>dum</strong></span> <span class='ocrx_word' id='word_1_178' title='bbox 673 2183 790 2251; x_wconf 87' lang='lat' dir='ltr'><strong>est,</strong></span> <span class='ocrx_word' id='word_1_179' title='bbox 850 2173 952 2237; x_wconf 90' lang='lat' dir='ltr'><strong>sed</strong></span> <span class='ocrx_word' id='word_1_180' title='bbox 997 2197 1117 2236; x_wconf 87' lang='lat' dir='ltr'><strong>non</strong></span> <span class='ocrx_word' id='word_1_181' title='bbox 1162 2178 1521 2251; x_wconf 89' lang='lat' dir='ltr'><strong>mirandum,</strong></span> <span class='ocrx_word' id='word_1_182' title='bbox 1567 2178 1744 2255; x_wconf 90' lang='lat' dir='ltr'><strong>-quod</strong></span> <span class='ocrx_word' id='word_1_183' title='bbox 1799 2178 2178 2237; x_wconf 86' lang='lat' dir='ltr'><strong>Bibliotheca</strong></span> <span class='ocrx_word' id='word_1_184' title='bbox 2232 2179 2489 2237; x_wconf 85' lang='lat' dir='ltr'><strong>maxima</strong></span> <span class='ocrx_word' id='word_1_185' title='bbox 2541 2177 2735 2237; x_wconf 86' lang='lat' dir='ltr'><strong>tacuit</strong></span> 
     </span>
     <span class='ocr_line' id='line_1_23' title="bbox 484 2259 2732 2344; baseline 0 -20"><span class='ocrx_word' id='word_1_186' title='bbox 484 2266 558 2325; x_wconf 91' lang='lat' dir='ltr'><strong>de</strong></span> <span class='ocrx_word' id='word_1_187' title='bbox 604 2266 908 2326; x_wconf 88' lang='lat' dir='ltr'><strong>Holstenii</strong></span> <span class='ocrx_word' id='word_1_188' title='bbox 960 2268 1202 2344; x_wconf 83' lang='lat' dir='ltr'><strong>regulae</strong></span> <span class='ocrx_word' id='word_1_189' title='bbox 1231 2267 1616 2326; x_wconf 83' lang='lat' dir='ltr'><strong>coenobialis</strong></span> <span class='ocrx_word' id='word_1_190' title='bbox 1671 2259 1912 2326; x_wconf 83' lang='lat' dir='ltr'><strong>nostrae</strong></span> <span class='ocrx_word' id='word_1_191' title='bbox 1959 2267 2247 2339; x_wconf 85' lang='lat' dir='ltr'><strong>editione,</strong></span> <span class='ocrx_word' id='word_1_192' title='bbox 2319 2287 2477 2344; x_wconf 87' lang='lat' dir='ltr'><strong>quae</strong></span> <span class='ocrx_word' id='word_1_193' title='bbox 2525 2266 2732 2344; x_wconf 89' lang='lat' dir='ltr'><strong>paucis</strong></span> 
     </span>
     <span class='ocr_line' id='line_1_24' title="bbox 483 2347 2736 2434; baseline -0 -20"><span class='ocrx_word' id='word_1_194' title='bbox 483 2356 654 2414; x_wconf 82' lang='lat' dir='ltr'><strong>annis</strong></span> <span class='ocrx_word' id='word_1_195' title='bbox 715 2363 854 2415; x_wconf 88' lang='lat' dir='ltr'><strong>ante</strong></span> <span class='ocrx_word' id='word_1_196' title='bbox 914 2355 1214 2433; x_wconf 77' lang='lat' dir='ltr'><strong>Flemingi</strong></span> <span class='ocrx_word' id='word_1_197' title='bbox 1275 2357 1634 2416; x_wconf 89' lang='lat' dir='ltr'><strong>collectanea</strong></span> <span class='ocrx_word' id='word_1_198' title='bbox 1690 2358 1871 2432; x_wconf 90' lang='lat' dir='ltr'><strong>(anno</strong></span> <span class='ocrx_word' id='word_1_199' title='bbox 1926 2357 2138 2432; x_wconf 88' lang='lat'>1661),</span> <span class='ocrx_word' id='word_1_200' title='bbox 2161 2347 2304 2414; x_wconf 55' lang='lat' dir='ltr'><strong>&#39;sed</strong></span> <span class='ocrx_word' id='word_1_201' title='bbox 2365 2357 2501 2434; x_wconf 86' lang='lat' dir='ltr'><strong>plus</strong></span> <span class='ocrx_word' id='word_1_202' title='bbox 2556 2361 2736 2431; x_wconf 89' lang='lat' dir='ltr'><strong>quam</strong></span> 
     </span>
     <span class='ocr_line' id='line_1_25' title="bbox 484 2444 2733 2523; baseline -0 -19"><span class='ocrx_word' id='word_1_203' title='bbox 484 2444 885 2523; x_wconf 86' lang='lat' dir='ltr'><strong>quadraginta</strong></span> <span class='ocrx_word' id='word_1_204' title='bbox 932 2445 1101 2504; x_wconf 90' lang='lat' dir='ltr'><strong>annis</strong></span> <span class='ocrx_word' id='word_1_205' title='bbox 1141 2450 1282 2504; x_wconf 85' lang='lat' dir='ltr'><strong>ante</strong></span> <span class='ocrx_word' id='word_1_206' title='bbox 1311 2444 1470 2503; x_wconf 90' lang='lat' dir='ltr'><strong>Bibl.</strong></span> <span class='ocrx_word' id='word_1_207' title='bbox 1504 2464 1657 2503; x_wconf 86' lang='lat' dir='ltr'><strong>max.</strong></span> <span class='ocrx_word' id='word_1_208' title='bbox 1705 2446 1768 2503; x_wconf 91' lang='lat' dir='ltr'><strong>in</strong></span> <span class='ocrx_word' id='word_1_209' title='bbox 1814 2446 2022 2503; x_wconf 91' lang='lat' dir='ltr'><strong>lucem</strong></span> <span class='ocrx_word' id='word_1_210' title='bbox 2049 2445 2374 2523; x_wconf 87' lang='lat' dir='ltr'><strong>prodierat.</strong></span> <span class='ocrx_word' id='word_1_211' title='bbox 2450 2444 2733 2503; x_wconf 85' lang='lat' dir='ltr'><strong>Profecto</strong></span> 
     </span>
     <span class='ocr_line' id='line_1_26' title="bbox 482 2532 2736 2599; baseline -0.001 -6"><span class='ocrx_word' id='word_1_212' title='bbox 482 2532 792 2593; x_wconf 80' lang='lat' dir='ltr'><strong>Ebrardus</strong></span> <span class='ocrx_word' id='word_1_213' title='bbox 824 2535 949 2592; x_wconf 91' lang='lat' dir='ltr'><strong>sola</strong></span> <span class='ocrx_word' id='word_1_214' title='bbox 978 2534 1084 2591; x_wconf 85' lang='lat' dir='ltr'><strong>illa</strong></span> <span class='ocrx_word' id='word_1_215' title='bbox 1113 2532 1527 2593; x_wconf 89' lang='lat' dir='ltr'><strong>Bibliothecae</strong></span> <span class='ocrx_word' id='word_1_216' title='bbox 1558 2534 1850 2593; x_wconf 82' lang='lat' dir='ltr'><strong>maximae</strong></span> <span class='ocrx_word' id='word_1_217' title='bbox 1895 2533 2155 2593; x_wconf 84' lang='lat' dir='ltr'><strong>editione</strong></span> <span class='ocrx_word' id='word_1_218' title='bbox 2198 2553 2341 2592; x_wconf 89' lang='lat' dir='ltr'><strong>usus</strong></span> <span class='ocrx_word' id='word_1_219' title='bbox 2388 2553 2507 2592; x_wconf 91' lang='lat' dir='ltr'><strong>non</strong></span> <span class='ocrx_word' id='word_1_220' title='bbox 2551 2533 2736 2599; x_wconf 88' lang='lat' dir='ltr'><strong>habe-</strong></span> 
     </span>
     <span class='ocr_line' id='line_1_27' title="bbox 484 2617 2738 2712; baseline -0.002 -30"><span class='ocrx_word' id='word_1_221' title='bbox 484 2617 611 2696; x_wconf 91' lang='lat' dir='ltr'><strong>bat,</strong></span> <span class='ocrx_word' id='word_1_222' title='bbox 674 2621 833 2697; x_wconf 90' lang='lat' dir='ltr'><strong>quod</strong></span> <span class='ocrx_word' id='word_1_223' title='bbox 892 2622 1316 2712; x_wconf 80' lang='lat' dir='ltr'><strong>Rettbergium</strong></span> <span class='ocrx_word' id='word_1_224' title='bbox 1375 2621 1572 2682; x_wconf 84' lang='lat' dir='ltr'><strong>virum</strong></span> <span class='ocrx_word' id='word_1_225' title='bbox 1632 2620 2179 2703; x_wconf 72' lang='lat' dir='ltr'><strong>„diliyentissimum</strong></span> <span class='ocrx_word' id='word_1_226' title='bbox 2222 2620 2287 2679; x_wconf 79' lang='lat' dir='ltr'><strong>in</strong></span> <span class='ocrx_word' id='word_1_227' title='bbox 2331 2618 2509 2681; x_wconf 77' lang='lat' dir='ltr'><strong>aliis“</strong></span> <span class='ocrx_word' id='word_1_228' title='bbox 2567 2640 2738 2680; x_wconf 88' lang='lat' dir='ltr'><strong>accu-</strong></span> 
     </span>
     <span class='ocr_line' id='line_1_28' title="bbox 483 2710 2735 2798; baseline -0.002 -27"><span class='ocrx_word' id='word_1_229' title='bbox 483 2716 668 2785; x_wconf 86' lang='lat' dir='ltr'><strong>saret,</strong></span> <span class='ocrx_word' id='word_1_230' title='bbox 732 2710 892 2788; x_wconf 90' lang='lat' dir='ltr'><strong>quod</strong></span> <span class='ocrx_word' id='word_1_231' title='bbox 952 2711 1026 2769; x_wconf 89' lang='lat' dir='ltr'><strong>de</strong></span> <span class='ocrx_word' id='word_1_232' title='bbox 1087 2712 1330 2798; x_wconf 81' lang='lat' dir='ltr'><strong>„regula</strong></span> <span class='ocrx_word' id='word_1_233' title='bbox 1375 2710 1769 2769; x_wconf 85' lang='lat' dir='ltr'><strong>Columbani“</strong></span> <span class='ocrx_word' id='word_1_234' title='bbox 1815 2717 1877 2769; x_wconf 91' lang='lat' dir='ltr'><strong>et</strong></span> <span class='ocrx_word' id='word_1_235' title='bbox 1932 2710 2005 2768; x_wconf 91' lang='lat' dir='ltr'><strong>de</strong></span> <span class='ocrx_word' id='word_1_236' title='bbox 2060 2711 2301 2788; x_wconf 81' lang='lat' dir='ltr'><strong>„regula</strong></span> <span class='ocrx_word' id='word_1_237' title='bbox 2348 2710 2735 2782; x_wconf 56' lang='lat' dir='ltr'><strong>coenobiali‘ss</strong></span> 
     </span>
     <span class='ocr_line' id='line_1_29' title="bbox 483 2753 2731 2897; baseline -0.001 -38"><span class='ocrx_word' id='word_1_238' title='bbox 483 2799 783 2878; x_wconf 89' lang='lat' dir='ltr'><strong>scriptis,</strong></span> <span class='ocrx_word' id='word_1_239' title='bbox 788 2806 936 2872; x_wconf 89' lang='lat' dir='ltr'><strong>,toto</strong></span> <span class='ocrx_word' id='word_1_240' title='bbox 984 2753 1182 2858; x_wconf 85' lang='lat' dir='ltr'><strong>coelo“</strong></span> <span class='ocrx_word' id='word_1_241' title='bbox 1226 2800 1386 2858; x_wconf 90' lang='lat' dir='ltr'><strong>inter</strong></span> <span class='ocrx_word' id='word_1_242' title='bbox 1431 2817 1493 2858; x_wconf 89' lang='lat' dir='ltr'><strong>se</strong></span> <span class='ocrx_word' id='word_1_243' title='bbox 1541 2799 1809 2881; x_wconf 87' lang='lat' dir='ltr'><strong>diversis,</strong></span> <span class='ocrx_word' id='word_1_244' title='bbox 1856 2818 1976 2857; x_wconf 92' lang='lat' dir='ltr'><strong>uno</strong></span> <span class='ocrx_word' id='word_1_245' title='bbox 2023 2817 2289 2897; x_wconf 82' lang='lat' dir='ltr'><strong>sermone</strong></span> <span class='ocrx_word' id='word_1_246' title='bbox 2335 2788 2731 2858; x_wconf 86' lang='lat' dir='ltr'><strong>disseruisset.</strong></span> 
     </span>
     <span class='ocr_line' id='line_1_30' title="bbox 480 2878 2733 2965; baseline -0.002 -16"><span class='ocrx_word' id='word_1_247' title='bbox 480 2888 636 2949; x_wconf 82' lang='lat' dir='ltr'><strong>Nam</strong></span> <span class='ocrx_word' id='word_1_248' title='bbox 682 2887 1105 2965; x_wconf 86' lang='lat' dir='ltr'><strong>Rettbergium</strong></span> <span class='ocrx_word' id='word_1_249' title='bbox 1150 2888 1452 2948; x_wconf 90' lang='lat' dir='ltr'><strong>Holstenii</strong></span> <span class='ocrx_word' id='word_1_250' title='bbox 1500 2887 1759 2947; x_wconf 87' lang='lat' dir='ltr'><strong>editione</strong></span> <span class='ocrx_word' id='word_1_251' title='bbox 1806 2905 1976 2947; x_wconf 85' lang='lat' dir='ltr'><strong>usum</strong></span> <span class='ocrx_word' id='word_1_252' title='bbox 2023 2905 2175 2960; x_wconf 82' lang='lat' dir='ltr'><strong>esse,</strong></span> <span class='ocrx_word' id='word_1_253' title='bbox 2233 2888 2299 2946; x_wconf 89' lang='lat' dir='ltr'><strong>in</strong></span> <span class='ocrx_word' id='word_1_254' title='bbox 2344 2908 2463 2964; x_wconf 89' lang='lat' dir='ltr'><strong>qua</strong></span> <span class='ocrx_word' id='word_1_255' title='bbox 2519 2878 2733 2964; x_wconf 84' lang='lat' dir='ltr'><strong>regula</strong></span> 
     </span>
     <span class='ocr_line' id='line_1_31' title="bbox 483 2971 2733 3055; baseline -0 -20"><span class='ocrx_word' id='word_1_256' title='bbox 483 2975 843 3036; x_wconf 85' lang='lat' dir='ltr'><strong>coenobialis</strong></span> <span class='ocrx_word' id='word_1_257' title='bbox 881 2982 1078 3037; x_wconf 85' lang='lat' dir='ltr'><strong>exstat</strong></span> <span class='ocrx_word' id='word_1_258' title='bbox 1120 2983 1407 3053; x_wconf 88' lang='lat' dir='ltr'><strong>tanquam</strong></span> <span class='ocrx_word' id='word_1_259' title='bbox 1450 2971 1754 3038; x_wconf 85' lang='lat' dir='ltr'><strong>decimum</strong></span> <span class='ocrx_word' id='word_1_260' title='bbox 1787 2981 1968 3055; x_wconf 84' lang='lat' dir='ltr'><strong>caput</strong></span> <span class='ocrx_word' id='word_1_261' title='bbox 2013 2977 2289 3053; x_wconf 81' lang='lat' dir='ltr'><strong>„regulae</strong></span> <span class='ocrx_word' id='word_1_262' title='bbox 2321 2976 2733 3049; x_wconf 56' lang='lat' dir='ltr'><strong>Oolumbani‘ss</strong></span> 
     </span>
     <span class='ocr_line' id='line_1_32' title="bbox 480 3066 2736 3141; baseline -0.001 -16"><span class='ocrx_word' id='word_1_263' title='bbox 480 3066 817 3125; x_wconf 84' lang='lat' dir='ltr'><strong>Ebrardum</strong></span> <span class='ocrx_word' id='word_1_264' title='bbox 863 3066 1036 3141; x_wconf 82' lang='lat' dir='ltr'><strong>fugit.</strong></span> <span class='ocrx_word' id='word_1_265' title='bbox 2730 3073 2736 3079; x_wconf 89' lang='lat'>&#39;</span> 
     </span>
     <span class='ocr_line' id='line_1_33' title="bbox 660 3145 2736 3231; baseline 0 -18"><span class='ocrx_word' id='word_1_266' title='bbox 660 3155 778 3213; x_wconf 89' lang='lat' dir='ltr'><strong>Illa</strong></span> <span class='ocrx_word' id='word_1_267' title='bbox 822 3171 963 3214; x_wconf 86' lang='lat' dir='ltr'><strong>vero</strong></span> <span class='ocrx_word' id='word_1_268' title='bbox 999 3154 1304 3214; x_wconf 88' lang='lat' dir='ltr'><strong>Holstenii</strong></span> <span class='ocrx_word' id='word_1_269' title='bbox 1350 3153 1553 3226; x_wconf 79' lang='lat' dir='ltr'><strong>editio,</strong></span> <span class='ocrx_word' id='word_1_270' title='bbox 1600 3174 1732 3213; x_wconf 87' lang='lat' dir='ltr'><strong>cum</strong></span> <span class='ocrx_word' id='word_1_271' title='bbox 1781 3156 2112 3231; x_wconf 83' lang='lat' dir='ltr'><strong>exemplum</strong></span> <span class='ocrx_word' id='word_1_272' title='bbox 2159 3145 2399 3231; x_wconf 80' lang='lat' dir='ltr'><strong>regulae</strong></span> <span class='ocrx_word' id='word_1_273' title='bbox 2441 3148 2736 3231; x_wconf 76' lang='lat' dir='ltr'><strong>&#39;praebeat</strong></span> 
     </span>
     <span class='ocr_line' id='line_1_34' title="bbox 480 3241 2730 3320; baseline 0 -17"><span class='ocrx_word' id='word_1_274' title='bbox 480 3244 568 3303; x_wconf 84' lang='lat' dir='ltr'><strong>ita</strong></span> <span class='ocrx_word' id='word_1_275' title='bbox 615 3250 880 3318; x_wconf 90' lang='lat' dir='ltr'><strong>auctum,</strong></span> <span class='ocrx_word' id='word_1_276' title='bbox 939 3250 1009 3302; x_wconf 90' lang='lat' dir='ltr'><strong>ut</strong></span> <span class='ocrx_word' id='word_1_277' title='bbox 1068 3241 1243 3320; x_wconf 84' lang='lat' dir='ltr'><strong>longe</strong></span> <span class='ocrx_word' id='word_1_278' title='bbox 1301 3242 1600 3302; x_wconf 83' lang='lat' dir='ltr'><strong>diversum</strong></span> <span class='ocrx_word' id='word_1_279' title='bbox 1657 3243 1738 3301; x_wconf 90' lang='lat' dir='ltr'><strong>sit</strong></span> <span class='ocrx_word' id='word_1_280' title='bbox 1799 3263 1834 3302; x_wconf 93' lang='lat' dir='ltr'><strong>a</strong></span> <span class='ocrx_word' id='word_1_281' title='bbox 1895 3243 2198 3302; x_wconf 89' lang='lat' dir='ltr'><strong>codicibus</strong></span> <span class='ocrx_word' id='word_1_282' title='bbox 2244 3242 2604 3319; x_wconf 80' lang='lat' dir='ltr'><strong>Augustano</strong></span> <span class='ocrx_word' id='word_1_283' title='bbox 2667 3250 2730 3303; x_wconf 90' lang='lat' dir='ltr'><strong>et</strong></span> 
     </span>
     <span class='ocr_line' id='line_1_35' title="bbox 482 3327 2739 3408; baseline -0.001 -16"><span class='ocrx_word' id='word_1_284' title='bbox 482 3333 907 3406; x_wconf 81' lang='lat' dir='ltr'><strong>Oxenhusano,</strong></span> <span class='ocrx_word' id='word_1_285' title='bbox 938 3327 1044 3390; x_wconf 50' lang='lat' dir='ltr'><strong>‘ex</strong></span> <span class='ocrx_word' id='word_1_286' title='bbox 1102 3331 1309 3390; x_wconf 89' lang='lat' dir='ltr'><strong>iisdem</strong></span> <span class='ocrx_word' id='word_1_287' title='bbox 1358 3332 1453 3390; x_wconf 86' lang='lat' dir='ltr'><strong>vel</strong></span> <span class='ocrx_word' id='word_1_288' title='bbox 1499 3331 1791 3390; x_wconf 84' lang='lat' dir='ltr'><strong>similibus</strong></span> <span class='ocrx_word' id='word_1_289' title='bbox 1852 3331 2155 3391; x_wconf 89' lang='lat' dir='ltr'><strong>codicibus</strong></span> <span class='ocrx_word' id='word_1_290' title='bbox 2200 3332 2565 3408; x_wconf 86' lang='lat' dir='ltr'><strong>transcripta</strong></span> <span class='ocrx_word' id='word_1_291' title='bbox 2610 3341 2739 3390; x_wconf 75' lang='lat' dir='ltr'><strong>non·</strong></span> 
     </span>
     <span class='ocr_line' id='line_1_36' title="bbox 482 3419 2739 3498; baseline 0 -17"><span class='ocrx_word' id='word_1_292' title='bbox 482 3426 587 3481; x_wconf 80' lang='lat' dir='ltr'><strong>est.</strong></span> <span class='ocrx_word' id='word_1_293' title='bbox 678 3421 869 3496; x_wconf 80' lang='lat' dir='ltr'><strong>ErgO,</strong></span> <span class='ocrx_word' id='word_1_294' title='bbox 904 3419 1077 3497; x_wconf 74' lang='lat' dir='ltr'><strong>quod</strong></span> <span class='ocrx_word' id='word_1_295' title='bbox 1120 3420 1251 3498; x_wconf 89' lang='lat' dir='ltr'><strong>ipse</strong></span> <span class='ocrx_word' id='word_1_296' title='bbox 1295 3420 1608 3479; x_wconf 83' lang='lat' dir='ltr'><strong>Hertelius</strong></span> <span class='ocrx_word' id='word_1_297' title='bbox 1653 3422 1738 3498; x_wconf 83' lang='lat' dir='ltr'><strong>(p.</strong></span> <span class='ocrx_word' id='word_1_298' title='bbox 1787 3420 1943 3495; x_wconf 86' lang='lat'>441)</span> <span class='ocrx_word' id='word_1_299' title='bbox 1991 3420 2188 3479; x_wconf 86' lang='lat' dir='ltr'><strong>dicere</strong></span> <span class='ocrx_word' id='word_1_300' title='bbox 2233 3420 2460 3493; x_wconf 82' lang='lat' dir='ltr'><strong>omisit,</strong></span> <span class='ocrx_word' id='word_1_301' title='bbox 2515 3419 2739 3482; x_wconf 79' lang='lat' dir='ltr'><strong>tertius‘</strong></span> 
     </span>
     <span class='ocr_line' id='line_1_37' title="bbox 480 3498 2742 3587; baseline 0 -19"><span class='ocrx_word' id='word_1_302' title='bbox 480 3507 580 3569; x_wconf 86' lang='lat' dir='ltr'><strong>ille</strong></span> <span class='ocrx_word' id='word_1_303' title='bbox 626 3510 810 3568; x_wconf 85' lang='lat' dir='ltr'><strong>codex</strong></span> <span class='ocrx_word' id='word_1_304' title='bbox 855 3507 1159 3568; x_wconf 87' lang='lat' dir='ltr'><strong>Holstenii</strong></span> <span class='ocrx_word' id='word_1_305' title='bbox 1207 3508 1602 3585; x_wconf 85' lang='lat' dir='ltr'><strong>(Coloniensis</strong></span> <span class='ocrx_word' id='word_1_306' title='bbox 1636 3543 1713 3554; x_wconf 91' lang='lat'><em>-</em></span> <span class='ocrx_word' id='word_1_307' title='bbox 1752 3510 1824 3567; x_wconf 88' lang='lat' dir='ltr'><strong>cf.</strong></span> <span class='ocrx_word' id='word_1_308' title='bbox 1855 3509 2131 3581; x_wconf 90' lang='lat' dir='ltr'><strong>Holsten‚</strong></span> <span class='ocrx_word' id='word_1_309' title='bbox 2177 3498 2474 3587; x_wconf 76' lang='lat' dir='ltr'><strong>praefatio</strong></span> <span class='ocrx_word' id='word_1_310' title='bbox 2518 3529 2577 3585; x_wconf 92' lang='lat' dir='ltr'><strong>p.</strong></span> <span class='ocrx_word' id='word_1_311' title='bbox 2607 3507 2742 3585; x_wconf 71' lang='lat' dir='ltr'><strong>IV)5</strong></span> 
     </span>
     <span class='ocr_line' id='line_1_38' title="bbox 481 3595 2736 3675; baseline 0 -18"><span class='ocrx_word' id='word_1_312' title='bbox 481 3600 652 3658; x_wconf 88' lang='lat' dir='ltr'><strong>nobis</strong></span> <span class='ocrx_word' id='word_1_313' title='bbox 700 3598 984 3670; x_wconf 90' lang='lat' dir='ltr'><strong>occurrit,</strong></span> <span class='ocrx_word' id='word_1_314' title='bbox 1045 3598 1116 3655; x_wconf 87' lang='lat' dir='ltr'><strong>in</strong></span> <span class='ocrx_word' id='word_1_315' title='bbox 1157 3617 1274 3675; x_wconf 90' lang='lat' dir='ltr'><strong>quo</strong></span> <span class='ocrx_word' id='word_1_316' title='bbox 1330 3598 1538 3674; x_wconf 81' lang='lat' dir='ltr'><strong>regula</strong></span> <span class='ocrx_word' id='word_1_317' title='bbox 1585 3595 1943 3657; x_wconf 90' lang='lat' dir='ltr'><strong>coenobialis</strong></span> <span class='ocrx_word' id='word_1_318' title='bbox 1996 3598 2359 3675; x_wconf 86' lang='lat' dir='ltr'><strong>reperiatur,</strong></span> <span class='ocrx_word' id='word_1_319' title='bbox 2422 3597 2736 3670; x_wconf 62' lang='lat' dir='ltr'><strong>secundm,</strong></span> 
     </span>
     <span class='ocr_line' id='line_1_39' title="bbox 479 3683 2729 3765; baseline 0 -21"><span class='ocrx_word' id='word_1_320' title='bbox 479 3688 549 3744; x_wconf 90' lang='lat' dir='ltr'><strong>in</strong></span> <span class='ocrx_word' id='word_1_321' title='bbox 592 3707 708 3765; x_wconf 91' lang='lat' dir='ltr'><strong>quo</strong></span> <span class='ocrx_word' id='word_1_322' title='bbox 756 3683 1080 3746; x_wconf 85' lang='lat' dir='ltr'><strong>Columbae</strong></span> <span class='ocrx_word' id='word_1_323' title='bbox 1124 3687 1519 3759; x_wconf 83' lang='lat' dir='ltr'><strong>attribuatur,</strong></span> <span class='ocrx_word' id='word_1_324' title='bbox 1588 3686 1758 3763; x_wconf 89' lang='lat' dir='ltr'><strong>isque</strong></span> <span class='ocrx_word' id='word_1_325' title='bbox 1804 3686 2101 3746; x_wconf 81' lang='lat' dir='ltr'><strong>vetustior</strong></span> <span class='ocrx_word' id='word_1_326' title='bbox 2159 3688 2412 3748; x_wconf 78' lang='lat' dir='ltr'><strong>fortasse</strong></span> <span class='ocrx_word' id='word_1_327' title='bbox 2473 3692 2729 3762; x_wconf 88' lang='lat' dir='ltr'><strong>utroque</strong></span> 
     </span>
     <span class='ocr_line' id='line_1_40' title="bbox 480 3768 2731 3853; baseline 0 -20"><span class='ocrx_word' id='word_1_328' title='bbox 480 3776 599 3834; x_wconf 87' lang='lat' dir='ltr'><strong>alio</strong></span> <span class='ocrx_word' id='word_1_329' title='bbox 656 3782 816 3835; x_wconf 88' lang='lat' dir='ltr'><strong>certe</strong></span> <span class='ocrx_word' id='word_1_330' title='bbox 862 3771 1276 3852; x_wconf 77' lang='lat' dir='ltr'><strong>Augustano,&#39;</strong></span> <span class='ocrx_word' id='word_1_331' title='bbox 1317 3795 1453 3833; x_wconf 91' lang='lat' dir='ltr'><strong>nam</strong></span> <span class='ocrx_word' id='word_1_332' title='bbox 1514 3775 1628 3834; x_wconf 87' lang='lat' dir='ltr'><strong>etsi</strong></span> <span class='ocrx_word' id='word_1_333' title='bbox 1685 3768 2014 3851; x_wconf 88' lang='lat' dir='ltr'><strong>dijudicare</strong></span> <span class='ocrx_word' id='word_1_334' title='bbox 2076 3795 2194 3833; x_wconf 90' lang='lat' dir='ltr'><strong>non</strong></span> <span class='ocrx_word' id='word_1_335' title='bbox 2251 3794 2517 3853; x_wconf 64' lang='lat' dir='ltr'><strong>possum,</strong></span> <span class='ocrx_word' id='word_1_336' title='bbox 2587 3793 2731 3833; x_wconf 88' lang='lat' dir='ltr'><strong>num</strong></span> 
     </span>
     <span class='ocr_line' id='line_1_41' title="bbox 479 3857 2732 3923; baseline -0 0"><span class='ocrx_word' id='word_1_337' title='bbox 479 3859 640 3923; x_wconf 80' lang='lat' dir='ltr'><strong>recte</strong></span> <span class='ocrx_word' id='word_1_338' title='bbox 699 3864 1052 3923; x_wconf 87' lang='lat' dir='ltr'><strong>Holstenius</strong></span> <span class='ocrx_word' id='word_1_339' title='bbox 1122 3864 1379 3923; x_wconf 89' lang='lat' dir='ltr'><strong>codicem</strong></span> <span class='ocrx_word' id='word_1_340' title='bbox 1447 3883 1619 3923; x_wconf 92' lang='lat' dir='ltr'><strong>suum</strong></span> <span class='ocrx_word' id='word_1_341' title='bbox 1689 3859 1725 3922; x_wconf 84' lang='lat' dir='ltr'><strong>a</strong></span> <span class='ocrx_word' id='word_1_342' title='bbox 1793 3862 2120 3923; x_wconf 85' lang='lat' dir='ltr'><strong>Benedicto</strong></span> <span class='ocrx_word' id='word_1_343' title='bbox 2190 3863 2526 3922; x_wconf 86' lang='lat' dir='ltr'><strong>Anianensi</strong></span> <span class='ocrx_word' id='word_1_344' title='bbox 2594 3857 2732 3923; x_wconf 53' lang='lat' dir='ltr'><strong>conss</strong></span> 
     </span>
     <span class='ocr_line' id='line_1_42' title="bbox 480 3944 2732 4032; baseline -0.001 -19"><span class='ocrx_word' id='word_1_345' title='bbox 480 3954 767 4032; x_wconf 89' lang='lat' dir='ltr'><strong>scriptum</strong></span> <span class='ocrx_word' id='word_1_346' title='bbox 815 3973 942 4012; x_wconf 89' lang='lat' dir='ltr'><strong>esse</strong></span> <span class='ocrx_word' id='word_1_347' title='bbox 987 3952 1309 4025; x_wconf 89' lang='lat' dir='ltr'><strong>censuerit,</strong></span> <span class='ocrx_word' id='word_1_348' title='bbox 1370 3958 1569 4011; x_wconf 84' lang='lat' dir='ltr'><strong>tamen</strong></span> <span class='ocrx_word' id='word_1_349' title='bbox 1632 3958 1793 4011; x_wconf 83' lang='lat' dir='ltr'><strong>certe</strong></span> <span class='ocrx_word' id='word_1_350' title='bbox 1851 3953 2147 4012; x_wconf 83' lang='lat' dir='ltr'><strong>vetustior</strong></span> <span class='ocrx_word' id='word_1_351' title='bbox 2201 3957 2293 4011; x_wconf 90' lang='lat' dir='ltr'><strong>est</strong></span> <span class='ocrx_word' id='word_1_352' title='bbox 2350 3944 2732 4029; x_wconf 60' lang='lat' dir='ltr'><strong>Augustani),</strong></span> 
     </span>
     <span class='ocr_line' id='line_1_43' title="bbox 480 4039 2737 4119; baseline -0.001 -18"><span class='ocrx_word' id='word_1_353' title='bbox 480 4063 655 4119; x_wconf 90' lang='lat' dir='ltr'><strong>quem</strong></span> <span class='ocrx_word' id='word_1_354' title='bbox 701 4061 856 4101; x_wconf 86' lang='lat' dir='ltr'><strong>anno</strong></span> <span class='ocrx_word' id='word_1_355' title='bbox 912 4042 1078 4099; x_wconf 88' lang='lat'>1510</span> <span class='ocrx_word' id='word_1_356' title='bbox 1128 4046 1432 4100; x_wconf 80' lang='lat' dir='ltr'><strong>exaratum</strong></span> <span class='ocrx_word' id='word_1_357' title='bbox 1489 4061 1617 4100; x_wconf 89' lang='lat' dir='ltr'><strong>esse</strong></span> <span class='ocrx_word' id='word_1_358' title='bbox 1660 4039 2008 4117; x_wconf 80' lang='lat' dir='ltr'><strong>Flemingus</strong></span> <span class='ocrx_word' id='word_1_359' title='bbox 2052 4041 2379 4100; x_wconf 81' lang='lat' dir='ltr'><strong>declaravit</strong></span> <span class='ocrx_word' id='word_1_360' title='bbox 2434 4040 2498 4099; x_wconf 90' lang='lat' dir='ltr'><strong>in</strong></span> <span class='ocrx_word' id='word_1_361' title='bbox 2545 4054 2737 4099; x_wconf 73' lang='lat' dir='ltr'><strong>anno-¹</strong></span> 
     </span>
     <span class='ocr_line' id='line_1_44' title="bbox 480 4121 2734 4207; baseline -0.001 -16"><span class='ocrx_word' id='word_1_362' title='bbox 480 4131 826 4204; x_wconf 87' lang='lat' dir='ltr'><strong>tationibus,</strong></span> <span class='ocrx_word' id='word_1_363' title='bbox 874 4150 1037 4207; x_wconf 83' lang='lat' dir='ltr'><strong>quas,</strong></span> <span class='ocrx_word' id='word_1_364' title='bbox 1084 4130 1306 4207; x_wconf 87' lang='lat' dir='ltr'><strong>quippe</strong></span> <span class='ocrx_word' id='word_1_365' title='bbox 1337 4129 1401 4187; x_wconf 88' lang='lat' dir='ltr'><strong>in</strong></span> <span class='ocrx_word' id='word_1_366' title='bbox 1432 4129 1811 4189; x_wconf 89' lang='lat' dir='ltr'><strong>Bibliotheca</strong></span> <span class='ocrx_word' id='word_1_367' title='bbox 1848 4129 2105 4188; x_wconf 86' lang='lat' dir='ltr'><strong>maxima</strong></span> <span class='ocrx_word' id='word_1_368' title='bbox 2135 4149 2254 4188; x_wconf 90' lang='lat' dir='ltr'><strong>non</strong></span> <span class='ocrx_word' id='word_1_369' title='bbox 2283 4121 2734 4207; x_wconf 68' lang='lat' dir='ltr'><strong>transscriptas,</strong></span> 
     </span>
     <span class='ocr_line' id='line_1_45' title="bbox 479 4217 2728 4298; baseline -0.001 -20"><span class='ocrx_word' id='word_1_370' title='bbox 479 4220 788 4280; x_wconf 87' lang='lat' dir='ltr'><strong>Ebrardus</strong></span> <span class='ocrx_word' id='word_1_371' title='bbox 835 4219 1256 4298; x_wconf 49' lang='lat' dir='ltr'><strong>praetermisit,</strong></span> <span class='ocrx_word' id='word_1_372' title='bbox 1284 4252 1363 4266; x_wconf 81' lang='lat'><strong>--</strong></span> <span class='ocrx_word' id='word_1_373' title='bbox 1414 4220 1512 4294; x_wconf 85' lang='lat' dir='ltr'><strong>(cf.</strong></span> <span class='ocrx_word' id='word_1_374' title='bbox 1561 4218 1742 4278; x_wconf 89' lang='lat' dir='ltr'><strong>etiam</strong></span> <span class='ocrx_word' id='word_1_375' title='bbox 1788 4218 1865 4276; x_wconf 89' lang='lat' dir='ltr'><strong>de</strong></span> <span class='ocrx_word' id='word_1_376' title='bbox 1906 4217 2210 4277; x_wconf 89' lang='lat' dir='ltr'><strong>Holstenii</strong></span> <span class='ocrx_word' id='word_1_377' title='bbox 2255 4217 2536 4295; x_wconf 88' lang='lat' dir='ltr'><strong>exemplo</strong></span> <span class='ocrx_word' id='word_1_378' title='bbox 2571 4220 2728 4292; x_wconf 87' lang='lat' dir='ltr'><strong>ejus·</strong></span> 
     </span>
     <span class='ocr_line' id='line_1_46' title="bbox 480 4306 2728 4385; baseline -0.001 -18"><span class='ocrx_word' id='word_1_379' title='bbox 480 4329 594 4385; x_wconf 90' lang='lat' dir='ltr'><strong>que</strong></span> <span class='ocrx_word' id='word_1_380' title='bbox 654 4314 852 4368; x_wconf 84' lang='lat' dir='ltr'><strong>aetate</strong></span> <span class='ocrx_word' id='word_1_381' title='bbox 915 4308 1459 4380; x_wconf 84' lang='lat' dir='ltr'><strong>Wasserschleben,</strong></span> <span class='ocrx_word' id='word_1_382' title='bbox 1531 4307 2046 4383; x_wconf 84' lang='lat' dir='ltr'><strong>Bussordnungen-</strong></span> <span class='ocrx_word' id='word_1_383' title='bbox 2096 4328 2154 4384; x_wconf 88' lang='lat' dir='ltr'><strong>p.</strong></span> <span class='ocrx_word' id='word_1_384' title='bbox 2214 4307 2342 4383; x_wconf 79' lang='lat'><strong>57).</strong></span> <span class='ocrx_word' id='word_1_385' title='bbox 2376 4320 2389 4352; x_wconf 73' lang='lat'><strong><em>5</em></strong></span> <span class='ocrx_word' id='word_1_386' title='bbox 2447 4306 2728 4382; x_wconf 87' lang='lat' dir='ltr'><strong>Denique</strong></span> 
     </span>
    </p>
   </div>
  </div>
 </body>
</html>
