3025 4909
1156 184 1601 242 —39—

202 360 424 424 <itate
457 359 726 444 flatuque
759 382 1054 441 prospero
1099 382 1263 421 marc
1306 369 1573 420 nostrum
1617 360 1904 421 contendit
1950 369 2011 421 et
2055 365 2136 440 (p.
2169 363 2324 440 XV)
2366 364 2500 437 alia,

204 451 598 512 obscuriora
655 452 892 529 quidem
938 452 1067 525 illa,
1130 471 1309 528 quam
1363 457 1431 509 ut
1477 471 1816 510 asseverare
1872 452 2121 510 audeam
2166 452 2240 524 de
2286 452 2501 511 itinere

82 579 88 586 ·
205 540 530 600 Romano
591 541 652 599 in
707 542 825 600 illis
880 540 1010 598 fieri
1069 540 1454 612 mentionem,
1514 540 1757 598 haecce:
1831 535 2028 601 Victor
2072 549 2196 600 crat
2241 538 2499 622 amyclas,

205 628 360 710 qui
401 626 732 690 Patricium
787 648 957 709 saepe
1009 628 1240 689 visitare
1284 625 1498 714 sole-bat
1542 637 1593 688 ct
1655 624 1853 689 Victor
1895 625 2142 689 alterum
2188 627 2502 711 anquclum

213 714 339 779 ad
383 715 712 778 Patricium
744 715 1180 797 prohibendum
1223 736 1293 778 ue
1327 725 1537 797 perqet
1581 737 1694 799 quo
1728 738 1982 802 pcrqcre
2021 717 2180 798 cupit
2222 718 2408 780 missit
2448 728 2501 781 et

215 806 409 867 ducit
452 804 561 880 illi,
607 826 792 888 quare
825 805 1212 889 prffcisceris
1242 805 1362 867 sine
1402 802 1648 867 Victoris
1678 804 1916 868 consilio
1947 851 1960 865 .
1995 851 2008 865 .
2043 851 2056 864 .
2089 809 2189 882 (cf.
2218 830 2276 886 p.
2302 809 2498 868 XVII

219 892 568 977 anquclicis
613 893 928 977 conloquiis
943 893 1263 977 fruebatur
1293 903 1605 976 antequam
1636 895 1708 956 dc
1740 893 1940 956 Scotia
1968 895 2053 956 ad
2084 892 2335 957 Latinos
2354 917 2495 977 pcr-

213 984 453 1066 9eret).
545 986 756 1045 Nonne
802 985 895 1044 his
945 1005 1178 1062 quoque
1224 985 1421 1044 verbis
1468 985 1671 1043 dedita
1717 1006 1898 1063 opera
1943 986 2215 1045 Muirchu
2260 986 2499 1045 videtur

224 1095 502 1152 negasse
534 1074 866 1134 Patricium
910 1075 1249 1153 pervenisse
1280 1073 1579 1133 Romam?
1648 1074 1724 1132 Id
1771 1074 2015 1177 quidem
2041 1075 2331 1157 suspicari
2358 1076 2500 1134 licet

224 1164 628 1222 Muirchuum
687 1164 962 1242 episcopo
1010 1162 1281 1221 Romano
1327 1162 1486 1221 haud
1532 1163 1619 1222 ita
1665 1163 1813 1222 bene
1862 1164 2131 1242 cupiisse.
2206 1162 2498 1241 Alioquin

229 1273 331 1312 an
393 1253 725 1331 scripsisset
786 1253 858 1311 de
902 1251 1175 1311 Palladio
1235 1273 1271 1310 a
1316 1251 1653 1312 Coelestino
1717 1252 1919 1312 misso:
1971 1249 2274 1353 prohibuit
2326 1250 2499 1311 illum

231 1343 392 1420 [om.
423 1342 610 1420 deusJ,
652 1339 792 1422 quia
820 1359 988 1402 nemo
1011 1349 1200 1422 potest
1229 1339 1486 1420 accipere
1515 1339 1827 1422 quicquam
1856 1340 1928 1401 de
1958 1349 2117 1400 terra
2145 1340 2263 1401 nisi
2289 1340 2499 1402 clatum

229 1429 299 1491 ei
347 1429 539 1512 fuerit
598 1429 672 1491 de
732 1427 886 1489 coclo
934 1474 946 1487 .
981 1472 995 1488 .
1029 1474 1040 1488 .
1075 1474 1088 1486 .
1135 1448 1396 1489 reversus
1449 1437 1531 1489 est
1583 1429 1667 1489 ad
1720 1448 1877 1501 eum,
1939 1429 2043 1510 qui
2092 1428 2276 1490 missit
2330 1426 2498 1489 illum

233 1520 533 1596 (Betham
564 1519 651 1589 H,
685 1540 819 1598 app.
852 1540 910 1596 p.
941 1518 1000 1595 I)
1019 1519 1047 1576 Ῥ
1110 1517 1399 1577 Attamen
1429 1519 1823 1578 fraudationis
1852 1519 2227 1580 Muirchuum
2261 1540 2495 1579 accuses

232 1609 452 1667 nolim.
544 1608 736 1667 Immo
798 1614 1002 1686 putem
1056 1610 1182 1683 jam
1242 1613 1385 1666 tunc
1428 1607 1609 1666 fuisse
1630 1630 1636 1634 ·
1655 1608 1992 1680 nonnullos,
2055 1609 2159 1685 qui
2203 1608 2497 1685 fingerent

237 1698 584 1757 Patricium
630 1718 740 1775 pro
786 1697 1060 1756 Palladio
1107 1697 1203 1756 vel
1248 1702 1386 1774 post
1430 1696 1768 1755 Palladium
1814 1697 2009 1756 Roma
2055 1718 2127 1755 ex
2173 1699 2322 1756 urbe
2367 1719 2495 1757 esse

235 1787 511 1846 missum.
591 1786 823 1860 Quibus
868 1806 1000 1844 cum
1044 1785 1318 1844 Muirchu
1363 1785 1544 1844 vellet
1588 1786 1902 1859 obsistere,
1964 1806 2170 1845 averso
2217 1785 2412 1846 animo
2460 1809 2495 1845 a

244 1876 438 1935 variis
483 1876 603 1933 illis
650 1876 901 1948 casibuS,
949 1875 1165 1951 quibus
1210 1874 1511 1933 Patricius
1555 1880 1877 1953 antequam
1926 1895 2000 1933 ex
2046 1873 2244 1933 Gallia
2290 1876 2353 1934 in
2384 1876 2494 1934 Hi·

240 1965 519 2023 berniam
581 1964 812 2024 veniret
865 1967 1129 2039 jactatus
1191 1969 1281 2022 est
1341 1982 1542 2022 omnes
1604 1964 1993 2039 cogitationes
2049 1963 2223 2023 nimis
2268 1964 2495 2024 fervide

246 2053 496 2114 videtur
539 2053 864 2113 intendisse
911 2053 988 2111 ad
1032 2052 1373 2111 diluendam
1419 2053 1657 2111 illorum
1704 2053 2058 2130 opinionem.

433 2142 552 2201 Sed
600 2161 838 2220 quoquo
886 2142 1059 2201 modo
1106 2162 1202 2200 res
1245 2162 1371 2201 sese
1418 2142 1601 2200 habet
1647 2161 1778 2200 cum
1807 2142 2106 2201 Muirchui
2135 2144 2494 2216 narratione,

245 2233 363 2290 hoc
422 2252 530 2308 pro
587 2236 751 2290 certo
806 2251 1114 2308 possumus
1170 2230 1465 2289 affirmare
1521 2230 1741 2289 saeculi
1787 2231 2025 2309 septimi
2072 2232 2260 2290 altera
2304 2239 2494 2311 parte,
2552 2230 2563 2236 ’

246 2341 386 2379 cum
448 2319 815 2379 'Pirechanus
875 2320 1199 2392 scribebat,
1262 2319 1326 2376 in
1387 2320 1680 2378 Hibernia
1740 2319 1918 2379 fuisse
1978 2322 2329 2397 permultos,
2393 2322 2495 2398 qui

248 2408 506 2468 Patricii
551 2409 768 2468 itinera
801 2427 922 2488 per
956 2402 1225 2468 Galliam
1269 2416 1439 2489 atque
1477 2405 1713 2467 Italiam
1741 2416 1922 2467 totam
1950 2408 2301 2469 firmissimis
2329 2411 2495 2470 testi-

248 2498 485 2571 moniiS,
533 2499 720 2576 ipsius
767 2497 1019 2556 Patricii
1064 2497 1323 2575 scriptis,
1369 2499 1660 2556 haberent
1706 2499 2105 2576 comprobata.

433 2587 661 2646 Verum
707 2587 1003 2646 enimvero
1051 2586 1182 2664 ipsa
1228 2587 1330 2644 illa
1375 2586 1537 2644 dicta
1574 2585 1828 2645 Patricii
1871 2586 2011 2646 ficta
2056 2607 2183 2647 esse
2228 2595 2494 2665 possunt,

251 2676 433 2751 idque
478 2676 543 2733 in
574 2675 870 2734 Hibernia
915 2675 1305 2747 meridionali,
1355 2675 1577 2753 quippe
1610 2696 1762 2752 quae
1793 2677 1986 2753 prima
2018 2677 2278 2735 omnium
2311 2676 2495 2736 totius

251 2764 584 2824 Hiberniae
642 2764 949 2841 regionum
1011 2785 1164 2823 anno
1216 2764 1342 2822 634
1389 2764 1731 2823 societatem
1787 2765 1989 2824 inierit
2035 2785 2165 2823 cum
2210 2766 2526 2838 Romanis,

254 2854 398 2931 (vid.
430 2853 629 2929 infra).
708 2852 1116 2931 Suspicionem
1164 2853 1317 2911 enim
1366 2859 1581 2926 movet,
1631 2854 1788 2931 quod
1834 2855 2128 2931 permulta
2175 2860 2317 2914 tunc
2348 2863 2494 2914 tem-

254 2942 419 3021 poris
472 2941 611 3001 ficta
658 2948 796 3001 sunt
843 2941 1004 3001 dicta
1049 2941 1329 3014 Patricii,
1394 2962 1546 3018 quae
1592 2942 1757 3000 illum
1802 2942 2088 3002 Romanis
2134 2943 2351 3003 favisse
2397 2945 2494 3004 de·

258 3036 671 3090 monstrarent.
749 3031 845 3089 Ex
892 3031 1108 3108 quibus
1154 3031 1265 3089 hoc
1311 3051 1495 3088 unum
1527 3050 1982 3090 commemorare
2014 3032 2162 3091 satis
2194 3032 2289 3106 sit,
2340 3034 2498 3111 quod

260 3121 320 3178 in
353 3120 678 3178 canonibus
710 3119 1055 3178 Hibernicis
1085 3139 1277 3196 nuper
1306 3120 1562 3196 primum
1593 3120 1654 3177 in
1686 3120 1879 3178 lucem
1910 3121 2086 3182 editis
2119 3116 2265 3196 (Die
2293 3119 2499 3182 im'solw

263 3205 883 3289 Canonensammlunq.
945 3209 1238 3285 Herausg.
1269 3228 1387 3266 von
1418 3208 1956 3268 Wasserschleben.
2014 3207 2264 3268 Giessen
2300 3211 2496 3287 1874)

261 3318 411 3356 anno
460 3298 696 3357 circiter
745 3299 871 3365 700
920 3297 1268 3376 conscriptis
1316 3296 1859 3370 (Wasserschleben
1904 3318 1963 3375 p.
2009 3297 2121 3369 VI,
2176 3319 2235 3376 p.
2283 3299 2496 3373 XVII,

264 3389 298 3445 2
345 3394 406 3445 et
452 3386 697 3458 XVIII,
749 3387 812 3462 3)
859 3387 1160 3445 Patricius
1220 3406 1339 3444 non
1399 3387 1588 3445 solum
1648 3386 1868 3446 dicitur
1920 3386 2274 3462 decrevisse,
2333 3395 2403 3448 ut
2448 3388 2502 3449 si

262 3494 404 3557 quae
462 3474 816 3556 quaestiones
874 3473 938 3533 in
994 3471 1103 3533 hac
1160 3471 1353 3533 insula
1398 3473 1693 3545 oriantur,
1754 3474 1838 3535 ad
1880 3474 2074 3535 sedem
2119 3474 2498 3556 apostolicam

262 3562 585 3645 referantur
629 3564 758 3640 (lib.
789 3562 938 3636 XX,
989 3563 1026 3620 5
1060 3563 1443 3622 Wasserschl.
1476 3586 1534 3642 p.
1571 3565 1652 3622 73
1703 3565 1773 3622 cf.
1805 3585 1985 3643 supra
2031 3584 2183 3642 quae
2226 3586 2298 3623 ex
2345 3566 2496 3624 libro

263 3652 479 3729 Angeli
524 3652 905 3730 transscripsi
951 3674 1008 3730 p.
1044 3652 1153 3729 35)
1201 3652 1303 3711 sed
1350 3653 1532 3711 etiam
1580 3654 1954 3712 constituisse
2000 3652 2236 3713 haecce:
2283 3652 2337 3713 si
2371 3653 2499 3736 quis

265 3738 525 3813 olemus,
588 3737 754 3823 cujus
814 3738 1015 3823 capilli
1069 3760 1185 3800 non
1246 3750 1377 3801 sunt
1421 3740 1574 3802 tonsi
1616 3738 1894 3802 Romano
1938 3761 2128 3814 more,
2194 3740 2356 3803 debet
2400 3763 2495 3805 ex-

266 3829 681 3891 communicari
742 3831 869 3906 (lib.
912 3830 1065 3904 LII,
1131 3833 1187 3888 7.
1255 3831 1645 3891 Wasserschl.
1702 3853 1759 3909 p.
1809 3831 1981 3908 242).
2073 3831 2312 3890 Fictum
2373 3854 2498 3892 esse

266 3919 510 3979 alterum
567 3921 715 3979 illud
762 3920 985 3979 dictum
1031 3920 1397 3996 argumentis
1445 3919 1790 3979 confirmare
1836 3941 1984 4000 opus
2030 3941 2150 3979 non
2196 3927 2301 3979 est.
2378 3919 2497 3979 Sed

261 4012 427 4086 juvat
482 4025 939 4068 commemorare
991 4008 1522 4069 luculentissimum
1568 4017 1801 4069 exstare
1849 4010 2278 4083 testimonium,
2342 4010 2498 4088 quod

268 4217 544 4273 affirmare
591 4216 853 4271 dissidiae
899 4216 1044 4269 illud
1091 4218 1335 4286 positum
1384 4234 1506 4271 esse
1554 4236 1659 4287 pro
1709 4219 1882 4273 verbo
1930 4218 2150 4274 dissidii
2186 4223 2245 4272 et
2281 4218 2500 4274 dissidii

268 4288 540 4344 dominum
575 4288 791 4343 dictum
829 4303 951 4341 esse
992 4288 1320 4357 episcopum
1359 4288 1694 4344 Romanum.
