3025 4909
1137 220 1566 277 ...83-

177 396 392 478 siquo
427 396 777 477 penitentiae
821 416 997 479 usque
1040 396 1124 458 acl
1166 406 1437 468 mortem,
1497 394 1645 457 nihil
1694 417 1804 457 sua
1856 397 2143 459 voluntate
2179 398 2466 482 faciemes

181 486 320 561 (W
324 487 802 560 asserschleben,
849 486 931 545 Ir.
979 486 1124 546 Can.
1169 507 1227 564 p.
1276 488 1357 544 36
1405 506 1493 563 sq.
1558 521 1636 532 —-
1702 487 1771 546 cf.
1820 487 2053 548 Tirech.
2101 498 2301 549 annot.
2347 490 2461 549 Be·

177 574 392 662 tham
438 575 527 648 H,
573 597 706 654 app.
752 597 811 654 p.
855 575 1117 634 XXIX:
1164 582 1228 633 ut
1268 594 1387 634 non
1422 584 1689 658 peccaret
1731 574 1836 635 8·αό
1876 577 2117 657 φαάα).

407 664 598 723 Iidem
646 684 898 724 canones
942 669 1179 743 praesto
1226 670 1367 723 sunt
1426 664 1503 722 ad
1550 665 2071 724 demonstrandum
2124 673 2463 727 sanctorum

185 760 265 812 et
321 753 719 831 reliquiarum
766 755 989 813 cultum
1028 754 1185 831 apud
1217 751 1425 813 Scotos
1457 774 1578 812 non
1609 755 1942 831 neglectum
1976 755 2102 831 (lib.
2134 756 2369 830 XLIV,
2403 758 2461 830 8,

188 862 259 919 p.
304 843 493 919 203).
582 842 668 902 Et
715 843 812 901 cui
856 843 1044 902 levius
1087 842 1327 902 videtur
1373 862 1497 902 esse
1544 842 1655 902 hoc
1699 844 2119 918 testimonium,
2167 846 2330 922 legat
2377 881 2461 891 —-

187 936 274 990 ut
327 932 488 990 alios
531 931 735 990 Bedae
780 932 939 990 locos
982 932 1256 991 omittam
1300 965 1388 976 —
1435 952 1588 1008 quae
1642 932 2030 994 inveniuntur
2087 934 2151 992 in
2204 935 2463 1013 epistula

191 1020 336 1094 illa,
392 1040 571 1097 quam
603 1020 945 1080 Vitalianus
984 1040 1143 1098 papa
1171 1021 1372 1097 paullo
1401 1026 1541 1098 post
1585 1021 1872 1097 synodum
1904 1021 2458 1082 Strenaeshalchen-

193 1129 339 1168 sem
403 1110 535 1187 regi
581 1108 764 1170 Osviu
830 1109 1069 1187 scripsit
1115 1109 1196 1186 (h.
1238 1129 1287 1168 e.
1331 1110 1387 1183 3,
1438 1111 1539 1183 29,
1602 1111 1639 1187 ἓ
1687 1110 1858 1186 248).
1948 1111 2108 1171 Num
2155 1112 2463 1190 episcopus

131 1209 138 1212 ’
192 1197 529 1257 Romanus
582 1198 711 1275 regi
762 1194 1041 1279 reliquias
1094 1195 1393 1257 beatorum
1442 1194 1842 1280 apostolorum
1882 1195 2050 1259 Pem·
2090 1208 2142 1258 et
2185 1197 2372 1259 Pauli
2411 1209 2462 1260 et

194 1294 555 1346 sanctorum
599 1295 930 1367 martyrum
974 1282 1306 1358 Laurentii,
1354 1282 1649 1347 Johannzzs
1692 1295 1744 1345 et
1771 1284 1955 1347 Pauli
1995 1297 2047 1349 et
2095 1281 2369 1369 Gre'ycm‘i
2410 1297 2462 1349 et

195 1371 535 1435 Pancratii
590 1376 1069 1448 transmississet,
1141 1375 1258 1434 nisi
1318 1376 1621 1452 cognitum
1682 1376 1988 1436 habuisset
2046 1378 2205 1456 apud
2258 1398 2459 1455 regem

198 1471 459 1524 sanctos
502 1484 805 1542 nunquam
851 1464 1107 1523 caruisse
1151 1463 1515 1523 honoribus?

395 1554 627 1627 Nonne,
673 1561 743 1613 nt
787 1553 1019 1613 omisds
1064 1553 1309 1630 singulis
1353 1553 1414 1610 in
1460 1553 1801 1614 universum
1846 1555 2058 1631 loquar
2103 1554 2177 1613 de
2208 1555 2455 1628 ratione,

202 1661 369 1719 quae
415 1643 819 1702 intercesserit
864 1642 1022 1701 inter
1050 1641 1328 1700 ecclesias
1358 1640 1668 1701 Scotorum
1703 1648 1764 1702 et
1794 1642 2214 1715 Romanorum,
2261 1664 2456 1703 nonne

203 1731 370 1790 sicut
415 1751 537 1790 una
582 1732 726 1791 haec
771 1731 1029 1809 epistula
1068 1730 1304 1790 omnino
1350 1730 1414 1788 id
1456 1732 1670 1810 ipsum,
1718 1732 1878 1808 quod
1909 1732 2155 1791 ecclesia
2184 1733 2455 1793 Nordan·

200 1819 598 1897 hymbrorum
660 1841 793 1879 cum
838 1820 1111 1879 Romana
1170 1827 1296 1879 tam
1355 1820 1530 1878 facile
1588 1819 1651 1879 in
1710 1840 1893 1879 unum
1949 1840 2164 1899 corpus
2220 1822 2454 1895 coaluit,

203 1908 491 1987 impedit,
562 1909 876 1986 quominus
934 1910 1136 1984 longe,
1170 1908 1431 1968 diversas
1455 1925 1472 1942 ⁸
1488 1916 1769 1987 putemus
1825 1910 2096 1969 ecclesias
2143 1908 2453 1969 Scotorum

203 2001 274 2055 et
331 1997 782 2057 Romanorum?
861 1996 981 2056 Sed
1047 1997 1246 2076 paullo
1313 1997 1624 2057 verbosius
1692 1998 1765 2056 de
1832 1998 1944 2056 hac
2011 2018 2077 2057 re
2145 1997 2451 2076 disputan-

204 2085 353 2144 dum
399 2093 507 2146 est.

392 2176 566 2235 Inter
624 2196 827 2235 omnes
885 2180 1121 2234 constat
1180 2173 1537 2251 Gregorium
1595 2175 1875 2251 Magnum
1937 2194 2092 2233 anno
2147 2175 2271 2232 597
2322 2175 2450 2234 Au·

207 2265 515 2342 gustinum
562 2265 902 2343 episcopum
946 2264 1009 2323 in
1055 2263 1432 2322 Britanniam
1478 2263 1730 2337 misisse,
1789 2270 1860 2323 ut
1903 2262 2240 2340 Anglorum
2283 2266 2452 2341 genti

208 2353 459 2413 verbum
507 2353 602 2412 dei
646 2353 1037 2432 praedicaret.
1128 2352 1439 2426 Quomodo
1494 2353 1607 2411 hoc
1660 2353 1883 2411 factum
1938 2352 2019 2412 sit
2063 2358 2124 2411 et
2171 2372 2322 2428 quae
2368 2353 2445 2411 ab

210 2439 554 2519 Augustino
614 2451 675 2501 et
733 2441 907 2501 sociis
966 2447 1136 2519 gesta
1196 2440 1342 2513 sint,
1420 2440 1767 2518 singillatim
1840 2461 2115 2501 enarrare
2175 2447 2447 2500 nostrum

211 2548 330 2589 non
374 2537 480 2589 est.
572 2530 733 2590 Satis
788 2530 869 2589 sit
913 2548 1398 2588 commemorasse
1443 2528 1901 2588 Oantnariorum
1946 2536 2009 2589 et
2054 2530 2448 2589 Orientalium

211 2618 546 2696 Anglorum
599 2627 806 2695 gentes
861 2618 1205 2678 auctoribus
1255 2617 1544 2677 Romanis
1587 2619 1892 2678 transiisse
1938 2620 2016 2677 ad
2062 2619 2444 2678 christianam

210 2706 387 2766 fidem
400 2749 414 2778 ,
476 2707 761 2783 sedesque
806 2708 1168 2786 episcopales
1222 2726 1347 2765 esse
1393 2707 1747 2768 constitutas
1792 2708 1856 2765 in
1902 2707 2242 2767 Cantuariis
2289 2706 2443 2766 Can-

209 2802 545 2855 tuarensem
610 2795 793 2870 (597)
854 2801 916 2854 et
971 2795 1313 2854 Roffensem
1373 2796 1576 2873 (604),
1643 2796 1707 2854 in
1768 2795 2170 2856 Orientalibus
2224 2795 2443 2872 Anglis

212 2885 659 2946 Dunwicensem
707 2885 906 2960 (631).
990 2883 1225 2961 Itaque,
1273 2903 1404 2943 cum
1449 2905 1523 2942 ex
1566 2884 2104 2961 Nordanhymbria‚
2150 2891 2220 2943 ut
2263 2904 2443 2962 supra

209 2977 329 3049 jam
370 2973 645 3046 vidimus,
692 2973 980 3032 Paulinus
1011 2971 1339 3049 Augustini
1385 2973 1577 3032 socius
1624 2978 1687 3031 et
1729 2994 1803 3031 ex
1834 2972 2225 3033 Orientalium
2258 2973 2440 3032 Saxo-

212 3083 347 3121 num
388 3063 631 3140 regione
676 3062 962 3134 Melittus‚
1023 3059 1313 3119 Lundinii
1370 3061 1729 3121 constitutus
1776 3063 1958 3139 (604)
2011 3063 2345 3141 episcopus,
2404 3082 2441 3119 a

213 3152 451 3230 paganis
496 3151 656 3230 pulsi
701 3156 913 3224 essent,
958 3169 1117 3208 anno
1165 3148 1312 3227 664,
1364 3168 1479 3225 quo
1527 3149 1783 3227 synodus
1829 3150 2438 3210 Strenaeshalchensis

211 3240 407 3299 habita
451 3246 559 3314 est,
606 3239 1114 3299 Cantuarensibus
1160 3236 1312 3296 duae
1357 3238 1698 3316 provinciae
1744 3238 2021 3297 subditae
2067 3245 2262 3309 erant,
2310 3238 2438 3316 ipsa

212 3329 525 3390 Cantuaria
585 3334 646 3387 et
705 3327 1098 3387 Orientalium
1142 3326 1480 3403 Anglornm
1536 3327 1726 3404 regio,
1795 3333 2108 3405 praeterea
2154 3326 2436 3386 Occiden-

212 3420 351 3479 tales
395 3417 660 3477 Saxones
714 3436 871 3477 anno
920 3417 1048 3475 634
1103 3415 1281 3474 fidem
1341 3421 1725 3493 susceperant
1783 3416 2166 3493 praedicante
2226 3415 2435 3475 Birino

215 3528 336 3568 cum
379 3507 622 3566 consilio
667 3505 926 3566 Honorii
969 3524 1161 3583 papae
1207 3505 1269 3563 in
1313 3502 1688 3563 Britanniam
1748 3506 2012 3581 profecto
2073 3507 2176 3564 sed
2229 3504 2434 3573 libem,

213 3604 278 3658 nt
329 3596 565 3656 videtur
623 3596 724 3670 (cf.
769 3594 1008 3671 Bright,
1069 3615 1128 3672 p.
1183 3593 1360 3669 149),
1422 3614 1459 3651 a
1520 3592 1946 3655 Cantuarensis
2006 3593 2435 3670 archiepiscopi

209 3686 604 3765 jurisdictione
669 3684 861 3760 (Beda
905 3684 962 3741 h.
1009 3702 1058 3740 e.
1109 3682 1166 3756 3,
1224 3685 1280 3754 7,
1329 3681 1364 3758 ξ
1419 3683 1545 3740 167
1590 3684 1762 3758 sqq.).
1854 3682 2082 3741 Contra
2142 3702 2178 3741 a
2238 3681 2434 3741 Scotis

215 3776 371 3834 fidem
400 3773 724 3852 suscepisse
752 3773 1008 3831 vidimus
1038 3777 1162 3830 tres
1191 3770 1528 3847 provincias
1575 3789 1894 3848 earumque
1939 3770 2086 3829 duas
2130 3772 2432 3842 maximas,

216 3865 268 3925 N
270 3862 775 3938 ordanhymbriam
822 3868 883 3920 et
933 3860 1219 3920 Marciam
1288 3878 1419 3918 cum
1478 3859 1906 3936 Middilanglis,
1976 3866 2039 3918 et
2097 3858 2432 3918 Orientales

219 3953 478 4013 Saxones.
585 3950 918 4029 Septimum
976 3949 1231 4025 denique
1290 3947 1667 4006 Australium
1728 3946 2028 4006 Saxonum
2087 3968 2335 4025 regnum
2395 3967 2433 4005 a

217 4041 519 4103 christiana
582 4038 856 4098 doctrina
915 4037 1151 4096 omnino
1213 4036 1408 4095 aliena
1467 4037 1769 4109 manebat,
1838 4037 2022 4096 donec
2081 4058 2235 4096 anno
2299 4036 2419 4093 681

217 4129 509 4191 wilfridus
556 4129 801 4187 verbum
848 4126 947 4184 dei
992 4126 1076 4184 eis
1121 4125 1509 4204 praedicavit.
1601 4125 1819 4202 Itaque
1876 4131 2006 4185 tota
2061 4146 2246 4203 paene
2290 4124 2428 4182 Bri·

219 4219 429 4291 tannia,
491 4216 688 4293 quoad
733 4216 810 4274 ab
857 4213 1423 4291 Anglo·Saxonibus
1470 4221 1758 4292 occupata
1805 4220 1934 4273 erat
1949 4258 1963 4287 ,
2018 4214 2173 4273 inter
2219 4213 2427 4273 Scotos

221 4318 275 4370 et
299 4309 589 4368 Romanos
633 4305 827 4366 divisa
874 4308 1018 4375 erat,
1066 4303 1169 4362 sed
1213 4304 1316 4375 ita,
1362 4309 1431 4362 ut
1475 4305 1667 4377 major
1711 4323 1850 4379 pars
1897 4309 2051 4362 esset
2096 4302 2425 4362 Scotorum.

1927 4403 2000 4456 6*
