3025 4909
1480 210 1917 267 ..58-

586 388 752 462 iniit,
823 394 1023 448 tamen
1085 390 1406 449 absurdum
1466 397 1558 450 est
1627 390 1780 449 hanc
1840 391 2029 469 ipsam
2091 391 2168 450 ob
2229 411 2461 451 causam
2529 392 2717 453 fidem
2794 393 2863 452 ei

585 480 891 556 abrogare.
981 479 1204 540 Narrat
1249 485 1447 539 autem
1491 480 1652 539 inter
1695 480 1814 539 alia
1875 481 2062 540 multa
2120 480 2239 541 tria
2296 481 2615 557 miracula,
2684 504 2864 560 quae

585 568 935 627 Columbam
967 568 1217 628 edidisse
1246 570 1447 643 refert,
1479 590 1611 628 cum
1643 566 1876 650 juvenis
1918 568 2197 630 diaconus
2240 569 2302 631 in
2333 567 2631 632 Hibernia
2665 572 2864 653 apud

585 653 995 718 Findbarrum
1024 666 1287 718 sanctum
1325 657 1665 738 episcopum
1695 668 2080 720 commaneret
2109 661 2239 736 (vit.
2273 659 2398 720 001.
2430 663 2482 735 1,
2513 664 2552 719 2
2578 684 2643 741 p.
2680 664 2859 734 1993

586 750 642 821 2,
680 746 761 807 59
794 770 852 825 p.
885 749 1044 821 218;
1096 749 1153 820 2,
1188 748 1265 806 41
1303 769 1361 826 p.
1399 749 1571 826 214).
1655 750 1852 809 Erant
1906 768 2047 826 ergo
2109 749 2341 809 diaconi
2385 752 2547 830 apud
2593 752 2858 824 Scotos,

584 846 644 897 et
690 857 806 914 quo
854 857 1094 896 munere
1140 838 1331 897 functi
1377 838 1497 897 sint
1543 859 1617 896 ne
1663 839 1855 898 dicam
1904 838 2226 899 Columbae
2273 845 2432 899 certe
2473 840 2859 900 Adamnani

581 925 973 1005 temporibus,
1030 927 1183 985 forte
1238 928 1477 987 fortuna
1532 928 1707 989 docet
1759 947 1878 987 una
1942 949 2014 986 ex
2071 929 2266 989 tribus
2310 929 2429 988 illis
2472 927 2855 990 Adamnani

583 1014 1069 1089 narratiunculis,
1142 1016 1363 1095 quippe
1417 1017 1482 1075 in
1545 1036 1662 1094 qua
1719 1017 2102 1077 inveniantur
2161 1018 2396 1078 haecce:
2457 1018 2542 1080 ad
2585 1018 2857 1103 fontem

581 1112 812 1184 sumpto
856 1103 1057 1185 peryit
1101 1105 1277 1183 (Col.)
1324 1124 1522 1178 urceo,
1585 1115 1648 1166 ut
1705 1104 1789 1167 ad
1845 1125 2048 1166 samue
2106 1104 2485 1168 euchtwietiae
2539 1110 2855 1188 mysteria

581 1213 797 1275 aquam
854 1193 1028 1274 quasi
1085 1193 1364 1255 diaconus
1408 1194 1732 1276 fmztanam
1789 1192 2077 1267 hawiret,
2138 1196 2261 1276 ipse
2319 1195 2533 1278 quippe
2594 1196 2729 1259 illis
2774 1200 2857 1260 in

581 1281 780 1345 diebu-s
843 1292 968 1344 erat
1026 1282 1088 1343 in
1150 1282 1491 1344 diaconatus
1548 1284 1747 1366 yradu
1804 1283 2223 1346 administrans
2269 1288 2363 1363 (2,
2407 1288 2487 1344 41
2537 1310 2599 1366 p.
2644 1290 2851 1366 214).

583 1373 814 1449 Quibus
860 1372 1055 1433 verbis
1102 1374 1246 1452 quid
1277 1374 1531 1434 clarius?
1593 1375 1995 1434 Diaconorum
2024 1375 2205 1434 fuisse
2235 1375 2299 1434 in
2345 1376 2851 1438 administrando

581 1483 822 1522 munere
869 1462 1161 1541 episcopis
1207 1464 1284 1522 ad
1328 1484 1534 1524 manus
1582 1484 1706 1524 esse
1751 1485 1861 1543 pro
1910 1471 2070 1524 certo
2118 1471 2367 1525 constat.

760 1549 879 1610 Sed
928 1551 1072 1630 quid
1103 1554 1175 1612 de
1207 1552 1352 1630 ipsis
1384 1552 1692 1631 episcopis,
1738 1553 1881 1630 quid
1921 1554 1994 1611 de
2025 1555 2389 1632 presbyteris
2428 1555 2847 1632 judicandum

581 1642 710 1701 est‘?
757 1639 1165 1720 Reperiuntur
1210 1642 1365 1700 enim
1395 1648 1637 1720 praeter
1667 1643 1943 1702 diaconos
1990 1649 2051 1702 et
2095 1644 2157 1701 in
2204 1645 2517 1705 annalibus
2563 1650 2628 1704 et
2658 1648 2846 1726 apud

578 1731 805 1790 Bedam
852 1737 912 1790 et
956 1732 1018 1790 in
1064 1732 1207 1792 vitis
1255 1729 1610 1791 Sanctorum
1658 1739 1718 1791 et
1769 1733 2251 1811 presbyterorum
2297 1740 2357 1793 et
2402 1734 2842 1813 episcoporum

567 1820 834 1890 nomina.
926 1822 1017 1881 At
1072 1822 1378 1901 episcopos
1439 1822 1573 1881 illos
1634 1822 1750 1881 nisi
1793 1822 2031 1881 nomine
2075 1822 2341 1883 diversos
2386 1844 2506 1883 non
2550 1824 2743 1884 fuisse
2794 1849 2843 1886 a

576 1911 940 1989 presbyteris
1001 1932 1375 1989 nequaquam
1434 1932 1585 1971 unus
1646 1912 1955 1970 Ebrardus
2013 1913 2095 1989 (p.
2134 1914 2257 1970 168
2291 1915 2446 1990 sqq.)
2508 1916 2840 1976 contendit

579 2000 721 2076 (vid.
771 1999 966 2059 Skene
996 1998 1085 2074 II,
1117 2022 1174 2079 p.
1211 2002 1335 2078 93).
1406 2001 1575 2079 Ergo
1623 2021 1740 2060 non
1785 2001 1943 2060 solus
1995 2001 2233 2060 erravit.
2324 2002 2479 2062 Nam
2527 2006 2837 2066 erravisse

576 2110 708 2149 eum
769 2089 938 2148 testis
1000 2095 1090 2149 est
1143 2089 1549 2150 Adamnanus.
1639 2090 1862 2150 Narrat
1915 2090 2071 2149 enim
2101 2092 2214 2167 ⁶(1,
2256 2091 2337 2150 35
2381 2114 2439 2170 p.
2489 2093 2615 2151 210
2663 2098 2832 2173 sqq.)

576 2179 915 2258 episcopum
961 2179 1255 2255 quendam
1301 2179 1374 2237 de
1418 2179 1905 2240 Momoniensium
1965 2179 2270 2257 provincia
2313 2181 2361 2240 J
2361 2202 2536 2240 onam
2582 2184 2831 2244 venisse

573 2269 776 2346 ibique
836 2268 1139 2328 humiliter
1201 2269 1610 2347 presbyterum
1670 2290 1730 2328 se
1793 2290 1917 2328 esse
1984 2270 2312 2347 professum
2373 2292 2497 2330 esse
2560 2277 2623 2330 et
2683 2274 2828 2334 aliis

574 2359 750 2417 rebus
798 2364 858 2418 et
903 2359 1022 2433 ita,
1068 2365 1136 2417 ut
1175 2362 1374 2434 jussus
1420 2379 1456 2417 a
1501 2357 1794 2417 Columba
1843 2353 2059 2419 Christi
2099 2378 2313 2437 empus
2359 2378 2430 2420 ex
2475 2380 2638 2420 more
2685 2382 2827 2422 con·

573 2447 739 2510 ficere
773 2446 1121 2507 Columbam
1167 2447 1501 2522 advocaret,
1548 2456 1611 2506 ut
1653 2445 1832 2507 simul
1875 2446 2045 2530 quasi
2087 2447 2206 2508 duo
2236 2447 2572 2528 presb-‘ylen’
2597 2445 2823 2512 Domi-

573 2534 769 2595 m'cum
802 2555 1029 2616 panem
1067 2533 1431 2618 sranyerent.
1523 2535 1641 2596 Sed
1687 2537 2053 2612 Columbam,
2102 2557 2294 2615 quem,
2343 2540 2446 2617 qui
2495 2545 2649 2598 esset
2696 2542 2826 2614 ille,

573 2628 777 2703 fugere
824 2644 942 2683 non
986 2625 1293 2703 potuisset,
1342 2645 1472 2683 cum
1521 2626 1596 2685 ad
1624 2626 1840 2685 altaria
1885 2627 2226 2687 accessisset
2269 2626 2556 2687 intuitum
2600 2630 2825 2689 faciem

574 2719 702 2791 ejus
763 2714 847 2774 sic
907 2735 1041 2772 eum
1098 2715 1501 2792 compellasse.
1563 2711 1886 2774 Benedicat
1929 2723 1981 2773 te
2044 2711 2328 2790 Christus,
2373 2716 2604 2799 flator,-
2662 2716 2824 2778 ltu-nc

574 2801 730 2864 solus
774 2800 1092 2883 episcspali
1132 2801 1253 2863 ritu
1281 2802 1504 2885 franye
1550 2824 1799 2886 panem3
1857 2824 2014 2864 nunc
2065 2804 2279 2865 scimus
2322 2804 2481 2887 quod
2525 2805 2602 2866 sie
2663 2808 2820 2887 epis-

573 2912 782 2970 copus:
842 2911 1022 2973 quare
1080 2889 1371 2974 hueusque
1426 2902 1479 2954 te
1539 2890 1824 2953 occultare
1883 2903 2123 2954 conatus
2170 2914 2254 2965 ee,
2309 2904 2372 2954 ut
2415 2892 2523 2955 tibi
2563 2915 2603 2954 a
2648 2895 2822 2958 nobis

573 2978 765 3042 debita
808 3001 925 3040 non
968 2981 1310 3043 redderetur
1352 2981 1656 3042 veneratzb.
1718 2982 1892 3043 Unde
1937 3003 2053 3041 non
2101 2985 2291 3043 solum
2338 2985 2607 3061 sequitur
2653 2987 2819 3064 apud

573 3072 783 3131 Scotos
829 3091 1065 3149 quoque
1125 3072 1307 3131 fuisse
1370 3072 1761 3151 episcopalem
1823 3072 2071 3150 gradum
2134 3093 2384 3149 eumque
2447 3076 2815 3154 superiorem

572 3160 963 3241 presbyteris,
1025 3161 1127 3221 sed
1193 3162 1370 3221 etiam
1434 3167 1684 3239 apparet
1747 3162 2154 3239 episcoporum
2207 3163 2388 3221 fuisse
2433 3164 2817 3242 privilegium

575 3250 990 3311 eucharistiam
1039 3252 1335 3311 celebrare
1381 3251 1501 3310 ritu
1548 3249 1879 3329 pontificali
1925 3252 1961 3310 i.
1995 3273 2042 3309 e.
2088 3272 2208 3311 non
2255 3253 2567 3313 assistente
2609 3255 2817 3313 altero.

572 3341 791 3399 Itidem
854 3361 927 3397 ex
982 3341 1125 3415 alia,
1186 3343 1247 3399 in
1312 3360 1489 3417 quam
1546 3339 1799 3399 Skenius
1847 3340 1941 3417 (II
1985 3361 2041 3417 p.
2093 3342 2202 3418 94)
2260 3342 2496 3401 demum
2552 3343 2818 3402 animum

576 3450 768 3488 meum
815 3431 1128 3497 convertit,
1176 3429 1518 3488 Adamnani
1565 3429 2009 3488 narratiuncula
2057 3431 2142 3505 (1,
2193 3432 2272 3489 29
2323 3456 2378 3511 p.
2415 3433 2588 3510 208),
2636 3453 2818 3509 quam

574 3540 850 3578 enarrare
896 3521 1137 3597 longum
1186 3525 1291 3592 est,
1341 3519 1734 3596 colligendum
1768 3525 1858 3578 est
1890 3520 2297 3598 episcoporum
2339 3521 2518 3581 fuisse
2565 3522 2815 3581 solemni

573 3609 694 3667 ritu
741 3610 801 3667 in
849 3610 1222 3669 sacerdotum
1268 3628 1576 3666 numerum
1622 3608 1883 3686 recipere
1930 3609 2187 3668 clericos.

753 3699 919 3772 Quae
968 3719 1099 3757 cum
1145 3698 1233 3756 ita
1280 3697 1416 3769 sint,
1464 3698 1644 3755 etia'm
1677 3696 1976 3757 difficilior
2013 3699 2174 3756 facta
2208 3706 2299 3758 est
2332 3698 2618 3776 quaestio,
2669 3700 2814 3778 quid

573 3789 646 3847 de
692 3788 1183 3848 monasteriorum
1231 3806 1551 3863 eorumque
1584 3787 1869 3846 abbatum
1902 3786 2257 3847 auctoritate
2296 3787 2681 3864 judicandum
2714 3789 2807 3847 sit.

577 3877 694 3937 Sed
742 3877 817 3935 ad
865 3875 1203 3936 solvendam
1251 3896 1375 3934 eam
1390 3920 1403 3949 ,
1467 3876 1518 3934 si
1565 3875 1714 3935 solvi
1757 3883 1980 3954 potest,
2042 3884 2279 3953 praesto
2327 3878 2495 3937 adest
2556 3878 2809 3956 epistula

572 3968 692 4040 illa,
741 3985 917 4041 quam
974 3985 1128 4022 anno
1195 3965 1320 4021 640
1374 3966 1420 4023 J
1422 3966 1681 4038 ohannes
1726 3965 1820 4025 IV
1864 3986 2020 4043 papa
2066 3966 2231 4042 genti
2277 3964 2588 4026 Scotorum
2650 3966 2808 4025 misit

575 4055 767 4132 (Beda
812 4054 869 4112 h.
903 4075 950 4111 e.
1001 4054 1056 4126 2,
1112 4054 1190 4109 19
1240 4054 1275 4130 ξ
1328 4053 1450 4112 143
1499 4057 1611 4132 sq.)
1657 4054 1970 4131 inscripta:
2018 4049 2428 4114 Dilectissimis
2473 4059 2526 4116 et
2571 4053 2803 4115 sanctis-

573 4142 735 4203 simis
788 4140 849 4201 T
841 4139 1092 4212 omianO,
1145 4135 1514 4217 Columbano,
1567 4139 1880 4213 Ονοτηαηο,
1926 4137 2173 4203 Dinnao
2219 4151 2271 4203 et
2314 4138 2619 4203 Baithano
2662 4143 2802 4224 epie-

575 4230 762 4311 copi83
812 4228 1107 4291 Oromano
1154 4226 1550 4312 Emianoque,
1598 4226 1939 4302 Laistram,
1986 4229 2250 4293 Seellano
2298 4241 2349 4293 et
2380 4230 2602 4314 ›Seyeno
2636 4252 2802 4314 pres-

576 4320 814 4403 byteri&
863 4317 1100 4382 Sarano
1145 4318 1448 4402 ceterisque
1494 4318 1821 4381 doctoribus
1867 4341 1965 4380 seu
2010 4320 2308 4382 abbatibus
2354 4316 2578 4384 Scottia
2638 4323 2803 4384 Haec
