3025 4909
1473 239 1916 299 ...362-

575 416 804 478 tatione
864 413 937 475 de
997 416 1262 476 Patricio
1324 421 1387 476 et
1441 416 1743 490 Palladi0,
1803 418 1876 476 de
1937 417 2423 477 annotationibus
2480 417 2877 477 Hibernicis

575 505 983 566 disserendum
1030 507 1160 566 erit.

755 594 850 654 Ac
896 596 1153 674 primum
1202 596 1440 674 quidem
1487 596 1563 654 de
1608 596 1996 655 annotatione
2042 596 2115 654 de
2145 596 2410 656 Patricio
2442 602 2503 655 et
2533 596 2877 656 Palladio.

576 685 764 758 Haec,
829 705 961 743 cum
1009 690 1146 744 ante
1194 705 1416 744 annum
1464 685 1592 743 807
1642 684 1977 764 conscripta
2023 685 2104 744 sit
2150 686 2292 762 (vid.
2339 705 2502 764 supr.
2553 686 2635 745 de
2699 686 2878 744 libro

575 772 898 833 Ardmach.
943 796 1003 853 p.
1054 775 1182 851 32),
1244 773 1584 833 testimonio
1646 780 1738 834 est
1796 774 2039 833 ineunte
2100 776 2333 834 saeculo
2394 795 2551 834 nono
2623 774 2877 835 Scotos

574 864 879 941 putavisse
925 863 1260 923 Patricium
1316 863 1559 923 missum
1607 883 1733 923 esse
1780 884 1816 922 a
1861 862 2201 923 Coelestino
2246 885 2422 942 papa.
2514 864 2874 937 Quomodo

575 952 790 1012 missus
845 952 925 1012 sit
969 951 1007 1010 i.
1055 972 1104 1010 e.
1150 958 1352 1011 utrum
1412 953 1541 1031 ipse
1588 951 1961 1012 Goelestinus
2005 953 2258 1027 Romae,
2320 974 2396 1012 an
2451 953 2610 1013 alius
2665 956 2876 1030 jussu

580 1062 773 1119 papae
829 1040 947 1099 alio
1006 1041 1136 1100 loco
1182 1041 1512 1101 Patricium
1560 1041 1899 1121 episcopum
1946 1042 2406 1116 consecraverit,
2465 1043 2602 1119 ipsa
2653 1062 2875 1101 anno·

575 1130 725 1188 tatio
787 1150 906 1189 non
969 1131 1317 1209 explicavit,
1379 1135 1578 1189 tamen
1636 1132 1710 1191 ab
1766 1130 1875 1190 hac
1930 1131 2316 1191 annotatione
2361 1132 2710 1210 repetenda
2773 1139 2876 1191 est

577 1217 746 1296 origo
796 1239 995 1278 earum
1027 1220 1453 1292 narrationum,
1502 1239 1651 1296 quas
1683 1219 2029 1298 posterioris
2060 1221 2347 1297 temporis
2379 1221 2539 1287 vitae
2569 1220 2875 1280 Patricii

575 1307 859 1367 exhibent
906 1315 1216 1369 narrantes
1264 1309 1339 1368 ab
1386 1308 1514 1387 ipso
1556 1308 1894 1369 Goelestino
1926 1309 2256 1368 Patricium
2301 1310 2365 1367 in
2412 1310 2873 1388 episcoporum

573 1417 880 1456 nnmerum
912 1418 1038 1457 esse
1069 1402 1374 1475 receptum
1407 1398 1515 1474 (sic
1548 1418 1621 1455 ex
1650 1398 1794 1457 vitis
1826 1418 2008 1476 supra
2039 1421 2098 1477 p.
2129 1398 2211 1456 32
2238 1420 2326 1476 sq.
2352 1400 2870 1458 commemoratis

573 1486 734 1546 vitae
780 1487 891 1546 sub
943 1486 1156 1545 5--10
1191 1489 1610 1563 enumeratae).
1688 1487 1855 1559 Quae
1895 1507 2027 1546 cum
2059 1488 2144 1546 ita
2174 1487 2313 1560 sint,
2361 1492 2614 1565 apparet
2650 1509 2865 1565 quam

572 1596 886 1654 perperam
935 1574 1280 1649 Schoellius,
1329 1596 1462 1634 cum
1508 1575 1714 1634 eadem
1760 1576 1834 1634 de
1879 1576 2147 1635 Patricio
2195 1597 2231 1635 a
2278 1576 2617 1636 Goelestino
2669 1598 2862 1655 papa

573 1669 915 1723 consecrato
977 1664 1241 1724 narratio
1303 1665 1573 1724 exeuntis
1632 1665 1852 1724 saeculi
1912 1666 2055 1725 noni
2113 1666 2485 1743 temporibus
2530 1667 2724 1725 etiam
2785 1667 2859 1724 in

575 1751 779 1812 Gallia
825 1759 1100 1813 occurrat
1145 1753 1304 1831 apud
1350 1753 1659 1813 Heiricum
1705 1753 2293 1814 Autissiodorensem
2326 1756 2640 1831 (Miracula
2676 1754 2855 1814 Ger·

572 1842 734 1901 mani
791 1841 932 1902 Act.
980 1842 1087 1903 SS.
1135 1842 1290 1902 Boll.
1335 1843 1491 1902 Julii
1538 1843 1616 1901 31
1678 1863 1725 1901 c.
1771 1843 1859 1917 Π,
1920 1845 1999 1901 21
2065 1865 2122 1922 p.
2173 1844 2348 1921 259),
2404 1845 2687 1922 opinatus
2758 1845 2856 1903 sit

573 1931 842 2008 (Herzog
886 1931 961 1989 R.
994 1931 1066 1990 E.
1120 1933 1193 1989 11
1247 1953 1306 2010 p.
1356 1930 1512 2012 208)
1560 1931 1961 1991 narrationem
2005 1933 2170 1991 illam
2217 1933 2290 1991 de
2328 1933 2598 1991 Patricio
2628 1933 2851 1991 Roma

571 2020 751 2079 misso
815 2020 879 2078 in
941 2018 1139 2079 Gallia
1203 2040 1329 2079 esse
1395 2022 1724 2080 confictam.
1833 2021 2049 2095 Immo,
2122 2042 2253 2079 cum
2312 2022 2594 2080 Heiricus
2656 2021 2847 2081 Scoti

574 2108 880 2184 cujusdam
913 2108 1239 2188 discipulus
1271 2110 1453 2168 fuisse
1483 2109 1762 2169 tradatur
1792 2111 1937 2187 (vid.
1970 2110 2393 2184 wattenbach,
2442 2108 2842 2170 Geschichts-

573 2198 824 2275 quellen.
898 2198 954 2256 4.
1002 2197 1178 2257 Aufl.
1237 2198 1287 2271 I,
1344 2220 1403 2277 p.
1453 2199 1610 2275 244)
1668 2199 1799 2277 ipsa
1853 2199 2086 2258 Heirici
2143 2200 2409 2259 narratio
2471 2202 2843 2278 comprobat

572 2286 784 2347 Scotos
830 2294 974 2347 tunc
1019 2294 1261 2366 putasse
1308 2287 1666 2359 Patricium,
1728 2287 2014 2347 Germani
2058 2288 2501 2362 amicissimum,
2566 2292 2644 2348 ab
2692 2289 2838 2367 ipso

573 2376 911 2435 Goelestino
946 2383 1350 2436 consecratum
1383 2376 1580 2435 Roma
1625 2396 1700 2434 ex
1729 2377 1877 2437 urbe
1923 2378 2167 2437 missum
2200 2395 2324 2437 esse
2354 2378 2418 2436 in
2447 2378 2837 2437 Hiberniam.

571 2465 788 2543 Itaque
842 2465 987 2542 quid
1042 2466 1283 2539 mirum,
1348 2466 1505 2543 quod
1562 2486 1630 2524 ea
1675 2464 1806 2544 ipsa
1853 2467 1979 2527 vita
2023 2465 2297 2540 Patricii,
2360 2486 2513 2544 quae
2558 2467 2654 2527 his
2699 2468 2836 2525 fere

572 2554 939 2632 temporibus
987 2554 1321 2632 conscripta
1368 2561 1460 2613 est
1505 2553 1699 2632 (Golg.
1732 2554 1828 2615 IV
1873 2577 2054 2634 supra
2099 2577 2159 2634 p.
2208 2556 2313 2629 32,
2362 2555 2445 2632 5),
2494 2552 2628 2613 cum
2673 2556 2836 2614 Hei-

570 2642 680 2701 rici
737 2644 1083 2703 narratione
1144 2643 1440 2703 consentit
1487 2643 1666 2703 etiam
1712 2643 1787 2701 de
1835 2642 2136 2704 Germano
2182 2644 2516 2705 Patricium
2561 2645 2833 2704 Romam

571 2731 891 2791 mittente?

750 2819 924 2879 Alias
969 2842 1064 2880 res
1093 2820 1391 2880 Muirchui
1420 2821 1565 2894 vita,
1613 2841 1649 2879 a
1681 2841 1799 2898 qua
1831 2822 1957 2881 vita
1990 2822 2156 2899 Oolg.
2188 2821 2260 2879 II
2292 2824 2498 2900 (supra
2528 2843 2586 2900 p.
2616 2823 2718 2894 32,
2757 2824 2833 2899 4)
2879 2857 2914 2868 -

573 2914 635 2968 et
656 2908 939 2969 historiae
963 2909 1283 2969 Britonum
1309 2931 1460 2988 quae
1484 2909 1690 2969 addita
1714 2916 1854 2968 sunt
1876 2911 2129 2970 Patricii
2153 2918 2288 2970 acta
2311 2913 2519 2990 (supra
2540 2932 2599 2989 p.
2623 2911 2724 2982 32,
2758 2914 2832 2988 2)

573 2998 842 3075 profecta
899 3005 1039 3059 sunt
1055 2999 1097 3072 1,
1158 2998 1473 3058 memoriae
1520 2998 1804 3078 prodidit.
1894 3001 2118 3060 Narrat
2165 3000 2321 3057 enim
2366 3000 2695 3059 Patricium
2744 3002 2831 3058 ab

572 3086 867 3146 Hibernia
913 3089 1262 3166 profectum,
1307 3097 1371 3148 ut
1414 3085 1631 3148 adderet
1676 3087 1871 3147 sedem
1913 3084 2296 3168 apostolicam
2340 3096 2392 3147 et
2437 3088 2680 3149 disceret
2723 3108 2826 3147 sa-

561 3173 855 3253 pientiam
913 3177 1137 3256 (Capit.
1185 3175 1351 3236 Aidi.
1409 3177 1671 3235 Betham>
1723 3176 1810 3249 II,
1867 3199 2004 3255 app.
2051 3199 2109 3255 p.
2156 3176 2402 3254 VLIII)
2462 3177 2695 3237 venisse
2755 3178 2827 3236 in

572 3264 830 3324 Galliam
892 3266 969 3325 ad
1030 3266 1119 3326 St.
1183 3264 1563 3324 Germanum.
1666 3265 1792 3324 Ubi
1862 3287 1993 3325 cum
2052 3271 2388 3324 moraretur
2449 3287 2583 3325 cum
2644 3266 2826 3325 sociis

570 3350 836 3426 Auxilio,
882 3354 1173 3428 Isernino,
1222 3353 1372 3427 aliis,
1420 3356 1638 3413 famam
1686 3374 1811 3413 esse
1858 3356 2100 3413 allatam
2147 3354 2220 3412 de
2251 3354 2526 3414 Palladio
2559 3355 2821 3414 Romam

566 3461 880 3502 reversuro
929 3449 989 3502 et
1033 3443 1097 3502 in
1129 3442 1478 3502 Britonibus
1509 3449 1767 3502 mortuo.
1841 3444 1976 3516 Quo
2004 3443 2215 3503 nuntio
2249 3443 2453 3503 audito
2484 3444 2820 3503 Patricium

565 3535 866 3610 receptum
915 3533 990 3590 ab
1039 3531 1312 3610 episcopo
1344 3530 1753 3608 Amathorege
1800 3533 1897 3607 (cf.
1933 3531 2129 3591 Skene
2159 3532 2246 3605 H,
2293 3554 2351 3610 p.
2387 3533 2512 3591 431
2549 3539 2671 3592 not.
2709 3535 2821 3609 19)
2978 3545 2993 3595 1

567 3618 631 3677 in
679 3620 1088 3704 episcoporum
1136 3640 1442 3679 numerum
1486 3621 1549 3679 in
1582 3620 1938 3679 Hiberniam
1968 3621 2228 3694 rediisse,
2274 3626 2345 3678 nt
2376 3621 2638 3680 Palladii
2668 3642 2820 3699 opus
2990 3657 2992 3660 -

569 3708 887 3787 exciperet.
933 3710 1151 3787 Itaque
1184 3715 1338 3769 teste
1361 3709 1673 3768 Muirchuo
1695 3709 1993 3769 Patricius
2026 3709 2263 3768 omnino
2287 3709 2516 3768 Romae
2539 3730 2657 3768 non
2682 3710 2816 3770 fuit.

747 3797 973 3858 Contra
1020 3798 1413 3871 Tirechanus,
1478 3798 1582 3874 qui
1643 3799 1716 3855 de
1763 3798 2036 3857 Palladio
2084 3804 2144 3856 et
2192 3797 2528 3857 Goelestino
2576 3799 2815 3857 omnino

567 3887 751 3946 verba
782 3907 902 3946 non
933 3888 1093 3962 fecit,
1128 3905 1484 3966 quamquam
1519 3892 1579 3946 et
1609 3886 1738 3965 ipse
1771 3907 1844 3945 ex
1876 3886 2075 3945 Gallia
2104 3887 2183 3945 ad
2214 3886 2572 3947 Hiberniam
2604 3908 2815 3947 navem

713 4063 734 4094 ²
773 4060 985 4115 Tamen
1020 4065 1260 4130 utraque
1299 4060 1418 4113 vita
1454 4058 1741 4114 Muirchui
1778 4059 2161 4114 narrationem
2200 4060 2282 4113 ita
2320 4061 2579 4126 mutavit,
2620 4065 2685 4114 ut
2708 4059 2813 4115 Pa-

569 4133 799 4185 tricium
838 4149 965 4186 cum
1004 4132 1273 4201 episcopo
1310 4130 1571 4185 Romano
1613 4132 1824 4185 arctius
1865 4132 2254 4201 conjungeret,
2295 4148 2427 4183 nam
2464 4132 2627 4201 prior
2656 4133 2814 4201 jussu

570 4219 753 4273 papae
801 4202 1114 4257 Patricium
1160 4203 1231 4256 ab
1282 4200 1673 4270 Amathorege
1723 4206 2109 4255 consecratum
2157 4217 2278 4255 esse
2327 4206 2524 4255 narrat
2571 4202 2809 4274 (Scholl,

565 4273 798 4415 ἐξέπεσε
845 4273 1031 4399 RhEt.
1080 4274 1146 4399 ἐξ
1167 4272 1461 4416 ἛΡ.ἓ2ἓ(7)ζ,
1528 4272 1708 4325 altera
1758 4271 1998 4327 Romam
2049 4290 2174 4327 eum
2225 4273 2539 4340 perrexisse
2592 4273 2814 4328 addidit

650 4359 867 4412 ennius,
949 4363 1038 4401 is.
1131 4362 1223 4398 r1.
1441 4384 1452 4397 .
