3025 4909
1179 213 1618 274 —29—

278 393 356 452 de
402 400 655 471 utraque
701 395 945 454 ecclesia
991 395 1352 454 disseriturl.
1428 396 1582 455 Nam
1630 395 1849 455 similes
1895 402 2034 455 sunt
2080 395 2298 469 multis,
2345 395 2512 456 dissi·

279 485 452 542 miles
498 485 768 562 pluribus
813 485 924 543 hae
970 485 1119 543 duae
1167 484 1459 544 ecclesiae.

459 573 685 633 Eadem
732 581 880 645 erat,
925 581 995 633 ut
1041 580 1327 651 quantum
1373 576 1625 634 sciamus
1671 610 1755 619 --
1798 595 1934 633 nam
1980 575 2085 651 qui
2129 576 2312 634 fuerit
2358 576 2514 654 apud

279 662 494 721 Scotos
541 664 1065 722 consecrandarum
1108 665 1481 724 ecclesiarum
1511 685 1637 723 mos
1669 685 1910 741 prorsus
1942 664 2231 723 nescimus
2270 700 2343 708 ——
2382 687 2513 724 exa-

279 753 501 810 minem
554 753 764 812 seriem
817 773 1014 811 rerum
1061 774 1238 831 supra
1284 754 1707 832 expositarum,
1771 754 1998 826 eadem⁷
2061 754 2327 829 inquam,
2388 760 2517 813 erat

278 842 422 900 festi
480 843 774 919 paschalis
836 843 1222 921 computati0‚
1288 844 1490 904 eadem
1548 850 1825 902 tonsurae
1870 844 2083 916 forma,
2144 843 2362 902 similes
2373 889 2386 916 ,
2447 851 2517 903 ut

278 936 556 1010 putatur,
619 932 1009 990 ordinationis
1069 932 1219 991 ritus
1272 969 1346 976 —
1400 933 1503 991 sed
1558 933 1663 991 alii
1718 939 1889 992 erant
1933 933 2085 991 ritus
2133 933 2516 992 celebrandae

283 1021 693 1094 eucharistiae,
741 1021 891 1080 alius
936 1021 1282 1099 baptizandi
1328 1042 1468 1081 mos.
1560 1022 1883 1080 Praeterea
1928 1022 2211 1080 nonnulla
2256 1022 2513 1081 invenie-

278 1130 413 1168 mus
470 1109 784 1172 Scotorum
843 1111 1110 1189 propria‚
1173 1132 1324 1188 quae
1384 1112 1543 1190 apud
1604 1110 1884 1170 Britones
1945 1130 2064 1169 non
2121 1112 2514 1189 reperiuntur.

284 1199 501 1258 Totam
548 1200 722 1272 enim,
767 1207 836 1258 ut
885 1200 1076 1259 dicam
1125 1202 1282 1277 quod
1314 1201 1683 1278 potissimum
1717 1207 1822 1273 est,
1870 1200 2181 1260 Scotorum
2215 1201 2515 1259 ecclesiam

278 1288 649 1348 inveniemus
689 1290 1034 1349 monasterii
1063 1289 1234 1366 quasi
1263 1290 1513 1368 speciem
1547 1291 1947 1367 praebentem,
1995 1290 2308 1349 monachos
2338 1291 2516 1349 fuisse

280 1379 642 1456 reperiemus
690 1379 997 1456 episcopos
1043 1385 1103 1439 et
1135 1400 1335 1438 omnes
1366 1400 1552 1458 paene
1584 1380 1917 1439 sacerdotes
1948 1399 2164 1456 eosque
2196 1400 2396 1437 omnes
2434 1415 2509 1425 —

279 1488 401 1526 non
433 1468 680 1527 exclusis
711 1468 1004 1547 episcopis
1036 1505 1109 1512 -—
1140 1489 1579 1545 nonnumquam
1612 1468 1881 1528 subditos
1912 1469 2511 1546 abbati-presbytero.

458 1557 560 1616 Nil
606 1558 816 1617 horum
863 1558 1022 1635 apud
1054 1559 1361 1618 Britones:
1409 1558 1620 1618 famosi
1660 1558 1752 1616 illi
1795 1558 2131 1636 presbyteri
2176 1567 2237 1617 et
2268 1559 2513 1617 abbates

278 1646 344 1704 in
375 1646 693 1706 Britonum
740 1648 984 1707 ecclesia
1031 1669 1150 1707 non
1193 1648 1582 1708 inveniuntur
1627 1648 1723 1724 (cf.
1755 1648 1835 1705 Η.
1883 1647 2000 1707 and
2031 1646 2119 1706 St.
2153 1646 2202 1720 I,
2241 1669 2298 1725 p.
2338 1648 2515 1725 143);

280 1736 656 1814 episcopatus
715 1738 966 1796 formam
1012 1744 1074 1795 et
1129 1737 1491 1796 hierarchiae
1540 1743 1761 1797 statum
1814 1773 1888 1781 —
1942 1743 2187 1814 excepto
2236 1756 2304 1795 eo
2353 1738 2513 1813 quod

280 1825 822 1904 archiepiscopatus
869 1827 1122 1902 vestigia
1169 1847 1289 1885 non
1334 1833 1653 1885 occurrunt
1682 1861 1770 1872 —-
1801 1827 1919 1885 alia
1963 1826 2142 1885 fuisse
2190 1827 2349 1904 apud
2380 1826 2513 1884 Bri-

282 1921 452 1974 tones
508 1921 688 1992 atque
744 1916 807 1973 in
854 1917 1124 1975 omnibus
1171 1920 1297 1992 ejus
1344 1915 1560 1975 aetatis
1607 1916 1865 1975 ecclesiis
1910 1916 1996 1974 nil
2043 1921 2159 1987 est,
2223 1915 2381 1993 quod
2427 1915 2513 1973 in·
2547 1959 2552 1965 .

282 2004 456 2062 dicet.
519 2005 793 2081 Denique
825 2038 910 2049 -
945 2006 1103 2082 quod
1150 2006 1467 2064 maximum
1515 2011 1606 2064 est
1635 2006 1927 2081 —longe
1974 2005 2090 2064 alia
2135 2010 2312 2081 atque
2358 2005 2517 2063 inter

282 2093 561 2153 Britones
625 2100 684 2152 et
730 2093 963 2170 Anglos
1025 2096 1176 2153 ratio
1238 2095 1648 2154 intercedebat
1692 2094 1850 2153 inter
1894 2093 2128 2170 Anglos
2185 2100 2245 2152 et
2290 2093 2515 2153 Scotos.

282 2183 435 2242 Nam
467 2183 785 2242 Britonum
827 2204 970 2259 gens
1001 2185 1381 2243 infestissima
1414 2191 1544 2243 erat
1573 2183 2157 2261 Anglo-Saxonibus‚
2206 2181 2516 2242 Scotorum

281 2277 518 2347 gentem
547 2271 773 2332 nationi
799 2270 1134 2353 Anylorum
1164 2292 1388 2353 semper
1417 2272 1832 2332 amicissimam
1847 2272 2039 2355 fiai-sse
2067 2279 2326 2333 testatur
2348 2273 2516 2331 Beda

284 2363 366 2437 (h.
414 2382 461 2418 e.
510 2361 567 2434 4,
617 2363 696 2420 26
749 2362 784 2440 ἓ
837 2362 1007 2439 340).
1097 2363 1272 2422 Unde
1332 2365 1555 2422 factum
1611 2369 1725 2436 est,
1787 2368 1855 2422 ut
1909 2363 2305 2421 controversia
2359 2363 2517 2420 inter

283 2450 596 2510 Scotorum
657 2457 717 2510 et
762 2451 1097 2529 Anglorum
1159 2453 1433 2511 ecclesias
1492 2454 1705 2511 acerba
1765 2454 1866 2512 vix
1928 2457 2081 2511 esset
2134 2458 2197 2512 et
2249 2451 2516 2509 celeriter

283 2547 748 2617 componeretur.

464 2628 581 2688 Sed
626 2651 750 2688 rem
797 2630 987 2709 ipsam
1035 2631 1466 2708 aggrediamur.

779 2983 1174 3066 Ecclesiae
1229 2982 2030 3067 Hiberno-Scotorum

282 3146 531 3207 historia
586 3166 772 3223 usque
830 3148 891 3205 in
935 3148 1155 3206 saeculi
1198 3147 1527 3207 duodecimi
1573 3141 1841 3227 tempora
1885 3149 2100 3208 fabulis
2143 3149 2231 3206 ita
2278 3155 2369 3208 est
2413 3150 2513 3207 ob-

281 3241 542 3309 scurata,
598 3242 666 3295 ut
727 3236 919 3294 adhuc
978 3237 1051 3295 de
1112 3237 1313 3296 multis
1359 3238 1606 3297 saeculis
1654 3240 1755 3297 vix
1800 3239 2116 3314 quicquam
2164 3238 2310 3296 certi
2356 3238 2513 3296 affir-

283 3327 431 3384 mari
476 3326 682 3403 possit.
759 3325 878 3384 Sed
924 3326 1093 3384 nobis
1139 3327 1212 3384 de
1259 3328 1368 3385 hoc
1414 3333 1541 3386 toto
1590 3328 1873 3406 temporis
1913 3326 2105 3403 spatio
2138 3327 2421 3386 disserere
2453 3329 2516 3385 in

282 3417 476 3474 animo
539 3435 657 3473 non
718 3423 824 3474 est.
915 3416 1069 3475 Nam
1131 3417 1241 3475 etsi
1303 3417 1737 3476 controversiae
1798 3417 1957 3476 illius
2012 3417 2168 3475 inter
2213 3417 2515 3476 ecclesiam

284 3503 594 3563 Scotorum
614 3503 639 3539 2
703 3509 763 3562 et
821 3503 1226 3563 Romanorum
1288 3527 1423 3565 rara
1483 3506 1735 3583 vestigia
1795 3506 2220 3584 posterioribus
2281 3526 2515 3583 quoque

283 3594 650 3671 temporibus
708 3614 1149 3670 nonnumquam
1206 3605 1547 3669 occurrunt,
1608 3601 1809 3654 tamen
1854 3597 2084 3655 saeculo
2131 3600 2338 3655 octavo
2385 3596 2517 3674 ipsa

436 3771 455 3799 ¹
494 3766 783 3821 Ebrardus
823 3767 1120 3821 Britonum
1159 3767 1565 3837 Scotorumque
1618 3768 1883 3822 ecclesias
1930 3768 2071 3822 adeo
2124 3768 2400 3834 confudit,
2455 3773 2518 3823 ut
2623 3820 2634 3824 -

289 3837 723 3903 Columbanum,
776 3837 1216 3904 Luxoviensem,
1266 3840 1493 3893 natione
1533 3839 1875 3903 Hibernum‚
1917 3840 2287 3893 Bancorensis
2325 3858 2514 3894 mona-

289 3910 447 3962 sterii
484 3911 542 3962 in
580 3908 862 3963 Hibernia
899 3910 1263 3980 discipulum,
1305 3912 1605 3965 educatum
1644 3927 1764 3964 esse
1800 3911 2042 3980 fingeret
2080 3912 2139 3964 in
2174 3913 2514 3966 monasterio

288 3982 633 4036 Bancorensi
669 3981 768 4047 „in
805 3981 1021 4034 Wales“
1057 4000 1111 4050 p.
1154 3982 1238 4036 16.

435 4052 457 4084 ²
498 4052 694 4106 Scotos
734 4052 1052 4121 appellatos
1093 4070 1213 4106 esse
1251 4057 1468 4107 veteres
1505 4052 1819 4107 Hiberniae
1858 4054 2074 4108 insulae
2114 4055 2328 4108 incolas
2366 4055 2517 4107 inter

289 4141 479 4177 omnes
518 4128 739 4176 constat
777 4125 873 4193 (cf.
905 4123 1089 4177 Skene
1117 4125 1165 4189 Ι,
1206 4143 1260 4193 p.
1293 4125 1438 4188 137),
1480 4126 1581 4178 sed
1620 4125 1851 4178 dubium
1881 4129 1981 4191 est,
2023 4127 2245 4195 quando
2273 4126 2333 4179 hi
2360 4126 2514 4180 Scoti

288 4195 690 4263 occupaverint
726 4196 883 4248 illam
923 4195 1289 4249 occidentalis
1314 4197 1596 4250 Albaniae
1633 4198 1668 4248 i.
1700 4214 1745 4249 e.
1778 4195 2005 4250 Scotiae
2042 4198 2349 4250 hodiernae
2387 4215 2513 4267 par-

287 4274 421 4332 tem,
462 4284 627 4336 quam
666 4271 818 4319 certe
847 4266 1033 4320 medio
1060 4268 1283 4321 saeculo
1311 4271 1470 4321 sexto
1499 4268 1850 4321 obtinebant.
1916 4268 2090 4321 Fama
2117 4286 2262 4323 anno
2290 4269 2516 4323 circiter

291 4339 394 4393 500
431 4338 538 4391 hoc
576 4338 785 4390 factum
825 4355 944 4391 esse
982 4338 1248 4405 perhibet
1287 4338 1501 4406 (Skene
1543 4338 1591 4403 I,
1632 4356 1687 4405 p.
1732 4339 1832 4393 139
1871 4342 1997 4408 sq.).
