3025 4909
40 553 144 610 unssx

1183 188 1663 245 -119--

265 366 605 425 -Bonifatio
645 383 765 424 non
796 366 1001 425 obesse
1033 371 1152 424 'non
1182 370 1482 442 poterant,
1525 364 1641 425 nisi
1671 366 1873 424 odium
1902 366 2052 425 illud
2081 366 2304 444 gentile
2337 365 2540 425 eodem

290 455 472 524 modo
532 455 876 530 abjecerant
936 460 1118 532 atque
1175 454 1247 527 ii,
1310 455 1415 532 qui
1474 453 1539 514 in
1599 455 1862 532 ipsorum
1926 454 2265 532 Anglorum
2322 454 2540 514 finibus

287 543 654 603 habitabant
684 545 781 618 (of.
813 562 994 621 supra
1023 566 1086 622 p.
1111 542 1238 619 28).
1307 541 1460 601 Eam
1492 544 1569 602 ob
1601 563 1838 604 causam
1870 543 2048 604 etiam
2079 542 2142 603 in
2172 543 2541 616 Britonibus,

275 625 502 709 'quales
548 631 771 709 singuli
816 625 1030 704 essent,
1078 632 1482 709 quaerendum
1530 638 1674 691 erat.

299 729 308 734 '
471 721 689 798 Itaque
722 741 873 794 cum,
919 728 1098 799 prout
1127 721 1347 798 singuli
1378 726 1568 793 erant,
1609 721 1891 780 Britones
1923 720 2231 781 Bonifatio
2260 722 2539 799 prodesse

287 809 461 870 Scoti
493 811 697 872 obesse
727 810 1051 888 potuerint,
1099 809 1172 870 de
1201 805 1558 867 Britonibus
1589 814 1651 867 et
1680 809 1893 882 Sectis,
1926 810 1985 868 in
2019 830 2168 886 quos
2197 809 2540 869 Bonifatius

289 895 525 971 incidit,
569 899 633 958 in
664 898 1007 963 universum
1037 896 1153 956 dici
1185 917 1302 957 non
1334 902 1552 976 potest,
1600 898 1720 971 sed,
1764 902 1931 976 cujus
1962 899 2216 958 interest
2246 919 2319 956 ex
2349 918 2538 977 aequo

279 986 559 1063 judicare
604 988 678 1046 de
723 986 1049 1059 Bonifatio,
1096 985 1168 1058 ei,
1213 992 1506 1063 quantum
1551 985 1683 1046 fieri
1721 993 1937 1066 potest,
1984 983 2391 1047 disserendum
2422 987 2541 1049 erit

284 1076 370 1134 de
412 1074 714 1153 singulis.l
1912 1093 1917 1100 “

291 1234 635 1296 recusasset,
687 1246 792 1298 pro
832 1230 1069 1284 Britone
1107 1229 1205 1300 (cf.
1251 1247 1419 1297 supra
1456 1247 1512 1298 p.
1553 1230 1648 1299 27)
1688 1247 1746 1284 se
1784 1231 2024 1301 gessisse
2061 1232 2371 1300 putabatur
2410 1231 2537 1299 (vit.

291 1299 720 1428 Οοτὶὶὶειὲῗοτθ
744 1297 1002 1427 A9ribone
1027 1303 1246 1441 ipedita
1271 1302 1342 1357 cf.
1372 1295 1620 1367 Riezler,
1650 1299 1992 1356 Geschichte
2013 1301 2250 1356 Baierns
2275 1300 2323 1368 I,
2353 1319 2407 1370 p.
2434 1301 2533 1356 101

289 1377 410 1426 not.
487 1412 500 1438 ‚
599 1375 780 1441 .p.9
853 1376 1087 1428 not.1.
1574 1437 1579 1442 ¹
2374 1409 2381 1414 -

271 1467 286 1475 ·
442 1443 463 1477 ²
503 1444 804 1513 optaverit
842 1445 1080 1498 fortasse
1118 1445 1400 1516 quispiam
1437 1447 1517 1508 ut,
1558 1460 1686 1512 cum
1723 1447 1948 1498 constet
1982 1441 2203 1513 saepius
2242 1458 2534 1514 apparere,

296 1514 450 1569 unde
487 1516 600 1569 sint
636 1516 911 1569 ecclesiae
948 1517 1241 1585 cujusdam
1279 1514 1616 1584 primordia,
1657 1532 1726 1569 ex
1763 1531 1957 1569 sacrae
1994 1516 2309 1583 scripturae
2347 1514 2537 1568 verbis

271 1583 356 1640 -in
391 1585 659 1640 Latinum
696 1588 1013 1651 translatis,
1055 1588 1332 1642 rationem
1368 1586 1666 1642 habuerim
1703 1602 1899 1640 sacrae
1934 1586 2249 1654 scripturae
2284 1586 2539 1639 locorum

271 1669 329 1711 :a
353 1657 650 1712 Britonum
688 1662 747 1711 et
774 1657 1073 1712 Scotorum
1110 1658 1485 1728 scriptoribus
1510 1658 1573 1710 in
1596 1657 1759 1711 libris
1786 1658 1901 1711 suis
1926 1658 2440 1725 transscriptorum,
2470 1685 2538 1696 --

271 1728 396 1782 -sed
436 1728 506 1782 de
541 1728 828 1782 industria
861 1727 932 1783 de
968 1730 1075 1784 hac
1112 1746 1176 1783 re
1214 1731 1406 1784 dicere
1445 1728 1625 1794 omisi,
1668 1729 1802 1797 quia
1837 1745 2039 1797 parum
2076 1729 2221 1782 lucri
2257 1730 2541 1798 apportat.

295 1798 443 1853 Nam
493 1817 707 1854 summa
753 1817 881 1854 cum
928 1801 1229 1869 diligentia
1266 1800 1581 1854 Haddanus
1620 1798 1726 1866 (H.
1767 1799 1878 1853 and
1917 1798 2001 1852 St.
2037 1797 2086 1865 I,
2133 1816 2189 1868 p.
2231 1797 2538 1866 170—198)

294 1887 485 1924 omnes
524 1871 840 1939 scripturae
878 1888 1069 1925 sacrae
1107 1872 1276 1937 locos,
1317 1871 1414 1941 qui
1452 1874 1512 1942 in
1551 1870 1797 1940 antiquis
1832 1870 2203 1938 scriptoribus
2228 1874 2291 1923 et
2314 1870 2375 1922 in
2399 1877 2538 1922 non-

275 1941 466 1995 vnullis
513 1942 806 1996 codicibus
845 1942 1164 2010 Britonum‚
1196 1946 1254 1996 et
1292 1942 1593 1996 Scotorum
1641 1942 2034 2006 inveniuntur,
2085 1941 2437 2011 comparavit
2481 1943 2540 1993 et

269 2028 419 2065 cum
442 2011 697 2084 Vulgata
736 2017 794 2067 et
829 2031 958 2067 cum
995 2015 1167 2068 variis
1192 2013 1377 2068 Italae
1416 2013 1709 2082 exemplis,
1749 2029 1933 2081 neque
1968 2012 2103 2066 inde
2139 2012 2385 2066 fructum
2409 2024 2535 2080 per-

291 2083 462 2151 cepit,
502 2084 612 2137 nisi
650 2084 802 2154 quod
841 2084 1148 2139 lectoribus
1172 2085 1456 2153 persuasit
1480 2084 1653 2139 fuisse
1668 2083 1863 2152 ‚Italae
1888 2084 2210 2152 exemplum
2236 2083 2538 2138 Brit-onum

292 2157 355 2207 et·
388 2152 688 2209 Scotorum
724 2156 1020 2224 proprium
1060 2156 1157 2224 (cf.
1197 2157 1235 2209 1.
1276 2173 1323 2209 c.
1365 2173 1420 2223 p.
1467 2156 1570 2210 170
1605 2160 1723 2210 not.
1764 2156 1841 2223 1).

432 2225 568 2280 Alio
594 2230 782 2279 autem
810 2226 882 2281 ad
907 2231 1218 2281 extremum
1246 2226 1607 2298 degredienti
1631 2228 1805 2281 liceat
1831 2226 1972 2278 mihi
1992 2225 2251 2279 conferre
2271 2224 2538 2293 antiquae

272 2293 594 2352 Scotorum
633 2298 906 2352 ecclesiae
942 2297 1240 2352 historiam
1278 2303 1338 2352 et
1377 2299 1564 2352 varias
1604 2298 1675 2352 de
1715 2314 1782 2351 ea
1816 2296 2068 2350 virorum
2093 2295 2389 2350 doctorum
2414 2310 2538 2347 sen·

289 2367 500 2436 tentiae
549 2381 676 2421 eum
729 2369 967 2423 historia
1004 2370 1263 2436 picturae
1299 2370 1533 2425 minoris
1572 2369 1920 2423 Hibernicae
1960 2371 2020 2421 et
2055 2385 2184 2421 cum
2222 2365 2536 2441 sententiis,

296 2454 437 2506 quas
475 2440 548 2493 de
583 2439 686 2493 illa
719 2440 833 2494 viri
871 2440 1028 2494 docti
1064 2441 1335 2495 tulerimt.

435 2510 673 2564 Constat
728 2511 879 2565 enim
930 2512 1083 2565 inter
1132 2529 1324 2566 omnes
1376 2513 1473 2582 (of.
1529 2513 1757 2578 Liibke,
1813 2509 2119 2564 Grundriss
2169 2509 2271 2564 der
2323 2506 2541 2564 Kanet-

273 2581 623 2649 ·geschichte
648 2581 695 2647 Ι,
724 2600 780 2651 p.
805 2582 935 2651 277)
963 2586 1185 2637 veteres
1211 2583 1436 2638 codices
1454 2582 1796 2638 Hibernicos
1823 2585 2128 2635 exornatos
2154 2597 2276 2634 esse
2300 2579 2538 2648 picturis

290 2652 605 2705 minoribus
645 2653 1037 2707 dissimillimis
1074 2654 1161 2720 iis,
1201 2671 1346 2724 quae
1384 2655 1525 2708 alibi
1560 2654 1941 2708 inveniuntur.
2021 2651 2169 2706 Nam
2204 2667 2319 2704 non
2357 2650 2540 2703 solum

293 2722 520 2776 litterae
557 2722 818 2793 grandes,
860 2725 1194 2789 „Initiales“
1233 2730 1298 2779 ut
1333 2727 1508 2795 ajunt,
1550 2730 1611 2778 et
1634 2726 1794 2779 varia
1818 2725 1919 2778 illa
1944 2727 2294 2784 ornamenta,
2334 2721 2539 2789 quibus

293 2791 516 2847 librarii
542 2799 602 2847 et
626 2794 755 2848 illas
784 2794 965 2848 veluti
990 2797 1159 2850 sertis
1184 2797 1560 2850 redimierunt
1579 2801 1638 2850 et
1656 2796 1882 2866 singula
1900 2795 2039 2848 folia
2058 2792 2536 2864 marginaverunt,

291 2865 505 2932 scripta
545 2865 735 2936 potius
762 2882 930 2934 quam
956 2866 1111 2933 picta
1136 2883 1256 2920 esse
1281 2868 1563 2932 videntur,
1604 2867 1705 2921 sed
1728 2867 1902 2936 ipsae,
1942 2882 2087 2935 quae
2111 2865 2358 2918 insertae
2386 2867 2537 2926 sunt,

291 2935 582 2990 hominum
632 2938 724 2991 vel
774 2936 1084 2991 bestiarum
1120 2938 1421 3006 imagines,
1462 2939 1583 2993 sine
1611 2938 1739 2992 -ulla
1774 2936 2083 3009 graphidos
2122 2935 2359 2990 scientia
2398 2933 2537 2988 deli·

291 3011 511 3071 neatae,
553 3008 695 3061 adeo
734 3007 1144 3079 calligraphiae
1184 3008 1372 3076 potius
1412 3026 1580 3076 qnam
1616 3010 1876 3077 picturae
1914 3008 2201 3076 specimen
2239 3005 2535 3073 praebent,

279 3081 358 3129 “ut
382 3078 553 3131 solius
581 3081 943 3145 symmetriae
969 3079 1184 3148 regulis
1210 3081 1452 3133 vestium
1478 3081 1794 3149 plicaturae
1821 3080 2179 3142 conveniant,
2209 3074 2345 3146 quin
2364 3076 2539 3129 etiam

280 3151 358 3200 ³ut
402 3154 591 3203 vestes
642 3165 1064 3219 nonnumquam
1111 3167 1425 3219 pannorum
1461 3151 1632 3205 modo
1672 3167 1912 3219 corpora
1948 3150 2276 3212 redimiuit,
2332 3150 2392 3199 et
2424 3145 2537 3200 sin-

293 3218 414 3288 guli
460 3220 554 3273 vel
605 3221 809 3289 capitis
855 3223 949 3275 vel
993 3222 1206 3276 barbae
1254 3222 1360 3291 pili
1408 3225 1616 3275 exeant
1648 3222 1709 3276 in
1746 3223 1892 3275 varii
1971 3221 2155 3276 eneris
2193 3217 2535 3281 curvamina,

281 3290 622 3344 ·convolvuli
659 3292 941 3362 pampinis
978 3293 1266 3347 simillima
1305 3294 1443 3363 (vid.
1470 3293 1567 3362 fig.
1596 3294 1703 3348 254
1739 3294 1890 3361 apud
1917 3239 2119 3358 fiubke
2155 3292 2192 3344 1.
2222 3309 2273 3345 c.
2300 3305 2356 3358 p.
2385 3287 2535 3356 278).

433 3359 604 3415 Unde
649 3362 791 3416 haec
839 3364 1117 3418 mirabilis
1167 3364 1445 3434 pingendi
1484 3365 1576 3418 vel
1626 3365 1816 3432 potius
1852 3363 2142 3418 scribendi
2181 3362 2307 3418 ars?
2382 3359 2535 3415 Non-

294 3431 456 3496 nulli,
495 3436 559 3486 ut
597 3432 925 3487 Muenterus
966 3439 1026 3488 et
1059 3435 1161 3489 alii
1199 3436 1487 3500 ecclesiae,
1528 3436 1611 3489 ita
1650 3435 1821 3488 etiam
1859 3436 2003 3489 artis
2037 3434 2387 3489 Hibernicae
2424 3431 2534 3484 ori-

297 3502 487 3570 ginem
525 3503 596 3557 ab
625 3505 841 3559 oriente
869 3509 959 3574 (ac
988 3506 1214 3573 quidem
1240 3523 1310 3561 ex
1335 3506 1635 3578 Aegypto)
1660 3505 2026 3576 repetendam
2052 3522 2172 3559 esse
2197 3504 2539 3559 censuerunt

295 3577 493 3642 (unum
531 3591 600 3628 ex
637 3576 832 3629 multis
855 3576 1083 3631 nomino
1109 3576 1423 3642 Kellerum‚
1464 3577 1656 3634 Bilder
1680 3575 1795 3631 und
1818 3574 2160 3645 Schriftzvzye
2183 3576 2278 3630 der
2300 3572 2539 3629 iri-schem.

296 3644 676 3714 Manuscripte
711 3647 773 3699 in
798 3646 1219 3717 Mittheilunyen
1255 3649 1351 3703 der
1375 3648 1820 3717 antiquar-iselam
1847 3646 2203 3713 Gesellschaft
2222 3646 2286 3700 in
2312 3642 2535 3702 Zarin-h.

296 3719 346 3770 7.
387 3716 569 3771 Band.
629 3719 795 3774 1853.
843 3735 899 3786 p.
939 3718 1007 3773 61
1046 3735 1187 3788 sqq„
1228 3736 1282 3787 p.
1323 3719 1436 3788 74),
1477 3720 1593 3784 alii,
1636 3724 1699 3773 ut
1734 3717 2027 3774 Ebrardus
2065 3717 2362 3770 ecclesiam
2401 3716 2535 3769 Sco-

293 3791 481 3841 torum
528 3791 750 3842 tantum
797 3789 883 3842 sui
933 3789 1174 3842 similem
1220 3789 1396 3844 fuisse
1437 3791 1700 3858 opinatus
1741 3794 1850 3855 est,
1901 3790 1983 3842 ita
2020 3786 2221 3841 Scotos
2261 3787 2535 3856 exemplis

293 3856 367 3910 ad
410 3858 746 3913 imitandum
793 3877 908 3913 non
953 3860 1263 3928 propositis
1312 3861 1658 3929 peculiarem
1696 3879 1851 3915 suam
1902 3864 2083 3914 artem
2130 3857 2238 3911 sibi
2274 3858 2535 3927 genuisse

291 3932 511 3996 putant.

437 3999 601 4068 Quod
627 4006 943 4070 utrumque,
986 4001 1034 4056 si
1061 4017 1260 4055 verum
1287 4007 1451 4067 esset,
1490 4021 1620 4056 cum
1645 4003 1730 4068 iis,
1771 4021 1915 4072 quae
1942 4022 2005 4058 su
2048 4021 2111 4056 ra
2136 4002 2208 4057 de
2233 4000 2534 4056 Scotorum

296 4071 534 4126 ecclesia
571 4072 837 4138 diximus,
878 4073 1026 4127 male
1066 4078 1422 4142 congrueret.
1496 4073 1585 4127 Eo
1623 4076 1838 4143 majore
1874 4092 1985 4144 gau
2030 4075 2083 4128 ‘o
2121 4074 2353 4130 affectus
2392 4091 2531 4139 sum,

293 4158 420 4194 cum
467 4145 831 4212 cognoverim
869 4143 1182 4198 Antonium
1219 4142 1616 4213 Springerum,
1666 4145 1851 4200 virum
1899 4163 2026 4200 mea
2068 4146 2237 4201 laude
2276 4145 2535 4198 doctrina

291 4229 391 4266 sua
434 4215 733 4283 majorem,
784 4217 844 4269 in
893 4215 1004 4268 alia
1055 4215 1126 4268 de
1164 4213 1467 4269 Scotorum
1513 4220 1639 4270 arte
1685 4218 1964 4271 sententia
2002 4234 2149 4283 esse,
2200 4233 2266 4271 ac
2304 4214 2535 4286 quidem

293 4283 413 4349 tali,
443 4301 585 4352 quae
612 4302 738 4339 cum
763 4290 960 4340 nostra
983 4286 1055 4339 de
1078 4284 1381 4340 Scotorum
1406 4287 1651 4342 ecclesia
1675 4288 1960 4343 sententia
1978 4288 2217 4342 maxime
2241 4289 2531 4357 congruat.
