3025 4909
1140 194 1625 252 -113—

446 370 579 429 Tali
643 370 818 430 modo
883 371 1065 430 etiam
1130 371 1220 444 id,
1298 370 1458 448 quod
1523 370 1851 430 Columbae
1907 376 1970 430 et
2028 371 2321 431 sociorum
2348 377 2353 384 '
2381 376 2511 449 ejus

251 459 515 518 maxime
561 460 871 538 proprium
917 465 1074 533 erat,
1117 460 1434 519 memoriae
1480 465 1819 537 exemptum
1863 465 1975 519 est.
2062 460 2223 534 Quid
2267 461 2509 521 tandem

250 548 547 608 memoria
608 544 1006 609 custoditum·
1041 547 1172 609 est?
1248 547 1382 606 An·
1420 548 1588 607 nulla
1652 547 2088 627 posterioribus
2141 550 2510 627 temporibus

249 643 584 696 occurrunt
626 637 906 715 vestigia·
930 636 1296 697 Columbae?
1341 637 1548 709 Nulla,
1594 657 1748 713 quae
1795 656 2181 715 cognosceres
2222 658 2428 717 pressa
2473 659 2508 697 a

253 725 570 803 peregrini
608 726 775 803 pede.
836 726 993 786 Nam
1036 726 1296 786 vidimus
1338 726 1543 798 multa,
1591 745 1745 802 quae
1790 725 2116 786 Columbae
2161 733 2227 787 et
2269 728 2506 786 omnino

251 812 578 873 Scotorum
633 814 879 892 propria
932 815 1116 875 fuisse
1169 815 1476 887 dicuntur,
1537 821 1643 878 aut
1701 834 1825 873 non
1882 814 2140 874 inveniri
2181 815 2356 894 apud
2408 835 2508 875 eos

251 902 376 959 aut·
413 903 659 981 propria
704 924 908 962 eorum
953 903 1193 962 minime
1238 903 1448 976 fuisse,
1506 903 1791 962 nonnulla
1850 903 1996 976 alia,
2056 924 2209 981 quae
2263 905 2506 982 propria

251 992 529 1064 fuerunt,
597 998 830 1051 mutato
886 993 1068 1051 coelo¹
1095 997 1157 1051 et
1201 992 1448 1051 mutatis
1486 992 1857 1069 temporibus
1903 993 2119 1052 sensim
2166 997 2291 1052 esse
2338 1013 2506 1053 exae„

259 1085 464 1156 quata.
540 1080 715 1140 Licet
760 1101 903 1158 ergo
948 1081 1205 1140 maxima
1248 1081 1431 1140 fuerit
1476 1080 1803 1140 Columbae
1849 1081 2011 1158 apud
2055 1078 2262 1141 Gallos
2308 1087 2506 1142 aucto-

255 1166 438 1241 ritas,
497 1169 640 1227 licet
698 1170 1215 1243 monasteriorum,
1277 1170 1493 1247 quibus
1541 1187 1672 1228 cum
1719 1168 2011 1228 Columba
2057 1174 2118 1227 et
2160 1169 2335 1229 sociis
2381 1172 2509 1245 ejus

253 1255 634 1316 necessitudo
665 1264 811 1331 erat,
858 1259 1135 1338 discipuli
1178 1257 1522 1318 creberrimi
1567 1257 1942 1317 ascenderint
1984 1258 2049 1315 in
2074 1258 2507 1336 'episcoporum

255 1345 529 1422 gradum,
564 1382 650 1394 -—
682 1347 1062 1407 nihilosecius
1106 1348 1258 1406 hanc
1304 1348 1380 1406 ob
1429 1366 1558 1406 rem
1602 1345 1918 1405 Gallorum
1963 1345 2211 1405 ecclesia
2254 1348 2332 1405 ab
2375 1347 2507 1406 uni-

256 1440 390 1492 tate
436 1435 730 1494 catholica
775 1455 1082 1514 nunquam
1124 1436 1397 1495 discessit
1453 1469 1539 1481 -—-
1594 1435 1810 1494 nedum
1865 1434 2188 1493 absurdum
2228 1455 2363 1494 *non
2417 1442 2509 1495 est

251 1522 561 1581 affirmare
609 1525 889 1598 (Ebrard,
935 1547 996 1603 p.
1045 1525 1198 1601 322)
1243 1524 1500 1584 insulam
1543 1524 1592 1584 J
1592 1543 1767 1582 onam
1813 1522 2033 1584 saeculi
2076 1523 2317 1601 septimi
2358 1530 2506 1583 tem·

253 1612 507 1688 poribus
557 1613 964 1691 principatum
1020 1614 1315 1688 quendam
1374 1612 1703 1672 obtinuisse
1756 1612 1821 1670 in
1879 1612 2124 1670 ecclesia
2178 1610 2507 1671 Gallorum.

259 1699 444 1772 Nam,
490 1708 562 1760 ut
606 1702 908 1775 omittam,
951 1702 1114 1779 quod
1159 1702 1406 1761 dubium
1452 1706 1567 1775 est,
1630 1719 1829 1760 annon
1875 1699 2227 1771 Columbae,
2287 1701 2506 1778 quippe

253 1790 549 1848 monacho
608 1790 1039 1862 Benchorensi,
1111 1790 1398 1866 quamdiu
1458 1788 1526 1851 in
1593 1789 1892 1848 Hibernia
1959 1793 2114 1862 erat,
2182 1790 2308 1847 ulla.
2377 1809 2508 1847 cum

258 1876 613 1936 Hiiensibus
658 1879 1032 1938 necessitudo
1074 1878 1260 1939 fuerit
1287 1879 1384 1954 (cf.
1415 1898 1597 1955 supra
1626 1898 1684 1954 p.
1718 1876 1848 1953 55),
1881 1911 1966 1922 —
2001 1877 2277 1936 ecclesiae
2317 1875 2506 1937 Galli-

259 1985 445 2024 canae
489 1987 585 2025 res
633 1966 923 2029 Columba
965 1967 1082 2026 nisi
1127 1967 1471 2027 circuitione
1519 1966 1776 2042 quadam
1822 1985 1943 2023 non
1989 1966 2237 2037 curavit,
2285 1966 2425 2043 quia
2472 1987 2507 2026 a

258 2054 577 2114 mundanis
623 2056 879 2132 negotiis
926 2056 1076 2115 adeo
1130 2055 1514 2127 abhorrebat,
1576 2059 1647 2113 ut
1699 2074 1774 2112 ne
1829 2054 2053 2130 synodo
2107 2054 2346 2130 quidem
2402 2074 2507 2115 sua

258 2141 452 2220 ipsius
499 2163 678 2203 causa
721 2147 1118 2248 congregatae
1160 2145 1448 2204 interesse
1494 2143 1674 2202 vellet
1720 2144 1823 2218 (cf.
1849 2162 2030 2219 supra
2075 2164 2139 2220 p.
2170 2144 2299 2218 92).
2389 2142 2508 2203 Sed

259 2237 326 2289 et
381 2231 670 2292 Columba
733 2238 795 2292 et
853 2234 999 2293 socii
1059 2237 1188 2310 ejus
1245 2234 1309 2291 in
1347 2231 1619 2291 desertis
1678 2231 1981 2303 sedentes,
2048 2230 2200 2289 nulli
2256 2231 2507 2305 molesti,

257 2338 400 2377 cum
458 2322 757 2380 seniorum
803 2342 1040 2381 suorum
1102 2322 1325 2403 regulis
1369 2321 1694 2379 manebant
1745 2338 1938 2395 neque
1992 2318 2272 2378 ecclesiae
2318 2317 2507 2382 Galli·

255 2426 447 2467 canae
492 2410 676 2469 ullam
720 2411 1010 2470 rationem
1054 2410 1384 2483 habebant,
1454 2409 1573 2469 nisi
1626 2408 1739 2482 ita,
1807 2412 1877 2466 ut
1924 2426 2055 2479 eos,
2126 2407 2253 2484 qui
2285 2408 2507 2482 eadem,

257 2515 384 2572 qua
425 2497 569 2575 ipsi,
615 2500 822 2557 mundi
866 2505 928 2558 et
971 2499 1132 2559 vitae
1176 2499 1456 2559 satietate
1500 2497 1688 2575 capti,
1734 2495 1924 2556 veluti
1968 2495 2201 2573 aegroti
2242 2496 2339 2554 in
2352 2498 2507 2556 vale-

260 2585 591 2662 tudinaria,
650 2587 714 2645 in
768 2589 1129 2648 monasteria
1183 2608 1386 2647 eorum
1434 2586 1883 2664 confugiebant,
1934 2584 2393 2644 consolarentur
2446 2593 2509 2645 et

259 2694 373 2751 per
419 2693 518 2732 eos
564 2676 842 2735 ecclesiae
885 2696 1079 2736 mores
1124 2677 1216 2735 ita
1258 2676 1571 2735 emendare
1617 2674 1949 2746 studerent,
2011 2678 2083 2732 ut
2142 2693 2325 2750 quam
2376 2675 2505 2752 plu·

259 2762 444 2824 rimos
490 2763 567 2822 ad
612 2764 799 2822 vitam
845 2765 1248 2824 monachicam
1290 2765 1641 2835 incitarent,
1694 2763 1904 2822 saltem
1948 2768 2387 2822 commoverent
2432 2763 2508 2821 ad

260 2844 702 2929 despiciendam
745 2852 901 2911 hanc
945 2853 1178 2926 vitam„
1208 2853 1284 2912 de
1329 2872 1447 2929 qua
1491 2852 1782 2912 Columba
1826 2868 1944 2909 non
1987 2848 2108 2910 vita
2152 2869 2236 2948 εδ,
2294 2851 2509 2927 inquit,

254 2938 370 2999 -s'ed
410 2938 508 2999 via
553 2942 747 3015 (instr.
797 2941 868 3014 5,
899 2940 1062 3001 Bibl.
1106 2963 1258 3001 max.
1303 2941 1456 3012 XII,
1502 2962 1561 3019 p.
1614 2939 1735 3015 13).
2268 2963 2277 2970 ’

309 3031 314 3034 ’
440 3028 732 3088 Attamen
778 3030 1094 3103 Columba,
1121 3050 1275 3088 cum
1321 3036 1475 3089 esset
1518 3029 1614 3088 vir
1658 3033 1956 3101 strenuus,
2003 3027 2236 3086 sincera
2279 3028 2505 3105 pietate

257 3123 334 3175 et
380 3119 698 3178 sanctitate
753 3119 1030 3193 eximius,
1092 3126 1156 3177 et
1209 3139 1341 3177 cum
1396 3118 1695 3196 permulta
1757 3135 1827 3175 eo
1888 3122 2131 3175 auctore
2188 3116 2251 3173 in
2310 3114 2505 3175 Gallia

254 3207 768 3266 constituerentur
811 3208 1195 3280 monasteria,
1252 3207 1569 3266 maximam
1614 3207 1678 3264 in
1725 3205 1971 3264 ecclesia
2016 3203 2327 3263 Gallorum
2372 3223 2504 3264 con-

259 3297 502 3355 secutus
555 3303 646 3355 est
692 3296 1128 3355 auctoritatem.
1216 3296 1354 3355 Hoc
1409 3296 1606 3373 ipsum
1658 3293 2040 3352 manifestum
2094 3299 2185 3351 est
2240 3312 2316 3351 ex
2371 3311 2502 3351 con·

260 3383 473 3443 fitendi
538 3385 801 3444 ratione?
838 3385 1058 3444 sensim
1130 3385 1560 3463 paullatimque
1630 3387 2010 3442 commutata.
2125 3379 2503 3457 Singulorum

263 3473 419 3532 enim
474 3480 852 3551 peccatorum
909 3475 1195 3533 confessio
1251 3479 1459 3550 postea
1511 3472 1576 3529 in
1631 3471 1945 3530 universae
2000 3469 2279 3530 ecclesiae
2332 3489 2503 3528 usum

259 3570 520 3643 recepta,
581 3562 916 3639 antiquitus
962 3562 1026 3620 in
1072 3562 1318 3620 ecclesia
1361 3561 1543 3619 moris
1588 3580 1706 3619 non
1754 3564 1909 3630 erat3
1974 3557 2261 3635 neglectis
2305 3557 2504 3635 potius

262 3651 586 3712 levioribus
642 3651 901 3729 peccatis
916 3695 934 3724 ,
1001 3651 1194 3710 solum
1250 3670 1321 3708 ea
1382 3650 1632 3708 curabat
1691 3648 1965 3720 ecclesia,
2016 3666 2171 3722 quae
2232 3647 2504 3722 publicae

259 3738 572 3801 offensioni
618 3740 805 3798 erant.
880 3738 1059 3798 Alius
1105 3746 1237 3798 erat
1281 3738 1562 3797 eeclesiae
1610 3736 1922 3796 Scotorum
1968 3754 2113 3793 mos.
2200 3734 2303 3795 Ibi
2347 3735 2504 3794 enim

261 3827 391 3889 ines
437 3828 758 3889 confitendi
812 3827 1048 3904 singula
1104 3832 1350 3905 peccata
1409 3846 1531 3884 non
1589 3827 1778 3884 solum
1813 3824 2095 3883 ‘usitatus
2155 3831 2285 3882 erat
2343 3824 2504 3902 apud

261 3917 580 3978 monachos
626 3917 782 3993 (Col.
823 3917 950 3993 r'egss
996 3936 1156 3975 coen.
1204 3935 1254 3974 c.
1306 3916 1362 3973 1.
1405 3913 1564 3973 Bibl.
1611 3934 1766 3972 max.
1805 3914 1902 3985 12,
1949 3933 2008 3990 p.
2042 3913 2108 3987 6)
2154 3912 2259 3970 sed
2305 3911 2503 3985 etiam,

260 4013 331 4067 ut
378 4027 558 4085 supra
604 4007 686 4083 (p.
737 4004 847 4081 65)
902 4006 1026 4082 jam
1084 4004 1337 4063 vidimus
1394 4009 1457 4061 et
1498 4009 1570 4061 ut
1616 4021 1967 4102 cognoscere
2024 4000 2165 4058 licet
2218 4020 2292 4057 ex
2334 4000 2505 4059 libris

257 4088 789 4188 poenitentialibus
835 4092 1127 4153 Vinniani
1172 4101 1233 4152 et
1278 4091 1630 4162 Columbae,
1692 4091 1754 4146 in
1803 4089 2081 4149 ecclesiae
2126 4108 2297 4146 usum
2342 4093 2504 4148 trau·

257 4185 461 4248 eierat.
553 4183 672 4258 Qui
727 4182 1042 4250 Scotorum
1097 4202 1221 4241 mos
1277 4181 1568 4258 quomodo
1622 4179 1686 4236 in
1739 4178 2012 4238 universa
2069 4176 2314 4236 ecclesia
2372 4197 2504 4255 per·

255 4273 593 4347 crebuerit,
652 4271 1112 4349 quaerentibus
1135 4289 1256 4330 non
1301 4269 1512 4328 dubito
1558 4288 1689 4327 cum
1733 4265 2068 4342 Loeningio
2126 4266 2505 4346 respondere,
