3025 4909
43 3536 88 3695 ⁴*ss

1150 160 1667 226 -55—‘

199 347 421 407 aliter
467 347 849 426 accipiantur,
898 367 1073 424 quam
1102 352 1275 422 sunt,
1323 348 1517 406 facere
1565 369 1683 407 non
1724 356 1980 425 possum,
2028 348 2173 425 quin
2219 370 2255 407 a
2298 350 2477 408 lecto-

200 437 408 498 ribus
453 443 669 516 petam.
759 438 912 499 Nam
960 457 1094 496 cum
1139 437 1212 497 de
1257 437 1332 497 iis
1372 437 1660 496 ecclesiae
1692 437 2303 498 Hiberno-Sootorum
2348 459 2481 516 par-

202 528 432 601 tibus,
505 528 579 586 de
638 527 852 603 quibus
911 526 1078 586 Beda
1136 527 1239 586 illo
1300 527 1429 585 loco
1491 547 1611 585 non
1670 528 1958 603 loquitur,
2018 528 2122 588 vix
2169 527 2485 606 quicquam

206 622 473 677 constet
527 616 861 676 mirandum
917 637 1037 675 non
1093 623 1209 690 est,
1272 615 1431 693 quod
1487 636 1664 694 saepe
1721 618 1977 677 occurrit
2030 617 2230 696 opinio
2294 622 2483 678 totam

207 705 853 766 Hiberno-Scotorum
899 706 1204 765 ecclesiam
1250 707 1580 780 subjectam
1627 705 1806 764 fuisse
1839 707 2195 766 monasterio
2225 707 2480 767 Hiiensi.

212 796 358 870 Qui
410 816 576 855 error
619 795 846 872 ignosci
891 800 1088 872 potest
1135 796 1236 868 eis,
1283 795 1387 872 qui
1434 795 1607 871 quasi
1652 800 2098 873 praetereuntes
2129 797 2202 856 de
2235 796 2481 856 ecclesia

213 885 554 945 Scotorum
601 885 785 945 verba
830 885 1126 957 fecerunt,
1176 885 1278 944 sed
1324 886 1396 942 de
1442 884 1720 943 Ebrardo
1762 885 2148 960 judicandum
2194 891 2285 945 est
2330 907 2480 960 eum,

216 975 340 1051 qui
389 974 549 1033 illius
596 973 816 1033 erroris
862 974 1214 1052 participem
1260 995 1322 1033 se
1368 973 1512 1034 fecit
1559 973 1824 1050 (Ebrard
1867 995 1926 1052 p.
1978 975 2149 1052 285),
2195 975 2307 1034 hac
2350 975 2482 1052 ipsa

215 1086 293 1123 re
345 1065 530 1123 talem
577 1084 640 1124 se
687 1063 1011 1124 ostendisse
1029 1108 1043 1135 ,
1108 1063 1202 1123 cui
1259 1063 1469 1139 majori
1528 1063 1693 1122 laudi
1750 1063 1961 1123 fuisset
2019 1069 2242 1138 tacere,
2307 1085 2484 1141 quam

223 1154 497 1213 solidum
544 1153 616 1212 de
664 1153 907 1212 ecclesia
952 1151 1566 1212 Hiberno·Scotorum
1613 1153 1981 1212 conscribere
2027 1153 2262 1212 librum.
2355 1152 2484 1232 Ap-

224 1248 414 1322 paret
462 1243 619 1301 enim
658 1246 784 1318 jam
833 1263 905 1301 ex
949 1242 1150 1301 Bedae
1197 1241 1394 1302 verbis
1450 1261 1631 1320 supra
1687 1242 2157 1302 commemoratis
2212 1243 2484 1302 omnibus

222 1332 575 1392 Hiberniae
634 1331 841 1391 incolis
904 1331 1164 1408 exceptis
1225 1331 1780 1408 septentrionalium
1841 1330 2152 1391 Scotorum
2212 1331 2484 1410 plurimis

224 1423 465 1481 nullam
512 1441 644 1480 cum
690 1421 1039 1480 Hiiensibus
1086 1421 1269 1480 fuisse
1316 1419 1806 1480 necessitudinem
1852 1438 2046 1499 neque
2092 1420 2257 1481 deest
2302 1421 2481 1492 locus,

223 1511 338 1570 ubi
390 1512 562 1569 Beda
608 1511 899 1589 expressis
946 1510 1141 1571 verbis
1188 1509 1543 1568 mentionem
1591 1509 1797 1568 fecerit
1843 1511 1916 1569 de
1962 1511 2276 1584 Hibernis,
2340 1508 2488 1592 „qai

227 1599 310 1660 ab
340 1595 680 1660 Hiiensium
725 1597 983 1660 dominio
1027 1597 1195 1659 liberi
1237 1605 1444 1659 erant“
1492 1599 1655 1675 (11.6.
1691 1598 1747 1671 5,
1786 1600 1864 1657 15
1896 1601 1933 1678 ξ
1969 1601 2123 1677 403)
2156 1605 2216 1659 et
2246 1605 2486 1679 praeter

169 1712 174 1715 ·
230 1711 365 1763 666,
417 1710 566 1766 quos
610 1690 731 1748 illic
778 1689 954 1763 dixit,
1003 1709 1203 1749 omnes
1249 1689 1539 1747 australes
1584 1688 1912 1747 Hiberniae
1958 1691 2228 1767 regiones
2276 1686 2485 1749 abbati

229 1779 480 1839 Hiiensi
537 1781 836 1855 subjectas
892 1799 1008 1838 non
1068 1778 1250 1838 fuisse
1309 1777 1466 1836 idem
1529 1777 1651 1837 alio
1708 1777 1836 1836 loco
1884 1779 1965 1854 (11.
1998 1798 2046 1837 6.
2082 1780 2138 1852 3,
2175 1779 2211 1836 3
2260 1779 2296 1856 ξ)
2334 1778 2485 1855 155)

237 1868 461 1928 docuit.
2301 1907 2303 1910 <

426 1959 591 2032 Quae
638 1978 771 2016 cum
816 1957 903 2016 ita
949 1956 1093 2030 sint,
1142 1956 1378 2016 exsistit
1423 1956 1719 2032 quaestio,
1783 1960 1981 2014 utrum
2036 1955 2323 2016 mirabilis
2382 1957 2485 2016 illa

240 2047 511 2107 Hiiensis
543 2046 889 2106 monasterii
933 2045 1259 2105 auctoritas
1304 2045 1369 2104 in
1415 2066 1521 2105 suo
1566 2065 1782 2123 genere
1830 2044 2148 2122 singularis
2193 2045 2377 2105 fuerit
2420 2045 2483 2104 in

243 2137 487 2207 ecclesia
534 2135 873 2209 Scotorum,
933 2156 1009 2195 an
1056 2135 1173 2194 alia
1220 2136 1453 2211 ejudem
1505 2135 1742 2212 generis
1789 2136 2055 2212 exempla
2101 2136 2162 2194 in
2211 2135 2342 2194 aliis
2391 2155 2480 2194 66-

244 2226 457 2285 clesiae
503 2226 776 2304 partibus
820 2224 1076 2289 inveniri
1122 2225 1368 2302 possint.
1462 2222 1642 2283 Certo
1697 2244 1817 2283 non
1874 2224 2108 2282 omnino
2165 2223 2482 2302 singularis

244 2320 399 2388 erat,
463 2314 565 2374 sed
616 2315 766 2392 proh
811 2314 1008 2373 dolor!
1088 2314 1420 2373 accuratius
1475 2313 1549 2371 de
1595 2313 1708 2372 hac
1753 2334 1818 2372 re
1864 2312 2178 2387 disserere,
2240 2333 2482 2391 prorsus

245 2406 369 2464 fere
414 2424 521 2463 nos
566 2403 815 2482 impedit
847 2409 1113 2463 veterum
1159 2403 1633 2462 testimoniorum
1679 2402 1947 2480 penuria.
2008 2400 2301 2463 Attamen
2334 2422 2485 2481 quae

247 2494 614 2573 potissimum
655 2491 1023 2553 observanda
1069 2496 1225 2565 sunt,
1270 2492 1491 2571 partim
1540 2512 1612 2550 ex
1648 2493 1907 2552 *vetustis
1952 2492 2158 2570 paucis
2187 2492 2406 2570 partim
2453 2512 2484 2551 e

247 2583 589 2662 posterioris
634 2581 920 2660 temporis
967 2581 1321 2642 testimoniis
1368 2580 1568 2659 colligi
1613 2586 1879 2660 possunt.

422 2671 577 2731 Nam
608 2671 732 2730 sive
762 2671 1015 2731 Patricii
1046 2671 1413 2748 temporibus
1444 2670 1706 2731 nondum
1751 2677 1895 2747 tota¹
1926 2670 2118 2730 insula
2165 2670 2486 2730 christiana

253 2767 382 2820 erat
439 2761 599 2819 facta
661 2759 785 2819 sive
849 2760 1095 2820 mortuis
1141 2760 1405 2820 Patricio
1462 2766 1524 2820 et
1577 2750 1767 2820 sociis'
1794 2760 2199 2819 Hibernorum
2244 2759 2486 2839 plurimi

251 2850 577 2910 reciderant
629 2849 694 2907 in
739 2849 1098 2926 gentilitatis
1154 2849 1631 2928 superstitiones:
1703 2849 1817 2909 nisi
1874 2847 2013 2909 ficta
2074 2854 2212 2909 sunt
2272 2849 2484 2923 omnia,

256 2961 396 3017 quae
441 2939 500 2997 in
551 2938 691 2998 vitis
738 2937 1092 2999 Sanctorum
1139 2938 1626 2998 Hiberniensium
1673 2938 2006 3013 traduntur,
2056 2938 2319 2998 dubitari
2365 2959 2483 2998 non

255 3035 470 3107 potest,
534 3028 678 3106 quin
741 3028 959 3088 saeculi
1005 3028 1161 3087 sexti
1207 3028 1575 3106 temporibus
1623 3028 1814 3087 denuo
1864 3028 2035 3104 quasi
2081 3027 2325 3087 ecclesia
2370 3027 2482 3086 Hi·

255 3120 560 3178 bernorum
631 3118 869 3177 condita
942 3117 1035 3176 sit.
1129 3116 1327 3177 Tanta
1396 3117 1552 3175 enim
1612 3119 2102 3176 monasteriorum
2163 3116 2485 3176 multitudo

258 3216 389 3268 tunc
435 3207 760 3266 constituta
807 3227 932 3266 esse
978 3206 1252 3279 traditur,
1299 3213 1369 3266 ut
1410 3206 1605 3264 nullus
1636 3205 1912 3271 videatur
1943 3206 2122 3265 fuisse
2152 3205 2485 3264 Hiberniae

260 3297 520 3375 angulus,
581 3297 640 3353 in
699 3316 817 3372 quo
873 3296 1294 3355 monasterium
1356 3316 1475 3354 non
1522 3300 1964 3355 construeretur
2010 3295 2109 3375 (cf.
2157 3293 2352 3354 Skene
2397 3294 2484 3369 H,

260 3410 311 3466 p.
344 3386 417 3445 51
454 3387 624 3462 sqq.).
718 3384 983 3459 Quorum
1030 3386 1520 3445 monasteriorum
1575 3384 1733 3443 inter
1780 3384 2112 3444 conditores
2160 3405 2293 3443 cum
2340 3402 2481 3445 non·

262 3476 394 3535 nulli
440 3475 587 3534 adeo
634 3475 1014 3547 excellerent,
1074 3479 1143 3533 ut
1202 3475 1503 3552 ingentem
1563 3474 1980 3533 monachorum
2042 3472 2484 3533 multitudinem

264 3586 443 3626 secum
487 3562 803 3637 haberent,
852 3569 920 3623 ut
966 3563 1277 3637 Finianus,
1338 3562 1755 3623 Olonardensis
1801 3562 2145 3622 monasterii
2188 3562 2252 3620 in
2294 3562 2485 3627 Midia

265 3656 432 3715 abbas
478 3652 699 3731 (Skene
731 3652 817 3725 II,
849 3674 904 3731 p.
942 3652 1067 3729 50),
1117 3656 1283 3729 cujus
1330 3652 1655 3730 discipulus
1701 3659 1760 3711 et
1805 3653 1933 3730 ipse
1967 3651 2256 3711 Columba
2304 3652 2485 3712 fuisse

266 3744 463 3802 dicitur
494 3743 624 3820 (vit.
656 3742 907 3801 Hibern.
940 3741 1133 3801 Skene
1158 3740 1241 3814 II,
1275 3763 1411 3820 app.
1443 3763 1501 3820 p.
1537 3742 1691 3818 479)
1724 3747 1784 3800 et
1816 3740 2168 3818 Comgallus,
2218 3741 2483 3801 Bencho·

268 3832 435 3893 rensis
477 3832 541 3892 in
573 3831 821 3892 Ultonia
869 3831 1211 3890 monasterii
1242 3831 1444 3905 abbas,
1494 3829 1817 3890 Columbae
1850 3830 2111 3906 aequalis
2143 3828 2366 3907 (Skene
2397 3829 2482 3904 II,

267 3946 317 4004 p.
349 3921 464 3998 55),
511 3923 731 4003 factum
779 3924 885 3993 est,
936 3925 1000 3978 ut
1044 3921 1404 3980 monasteria
1451 3940 1652 3978 eorum
1699 3917 2100 3998 principatum
2142 3920 2484 3981 obtinerent

268 4013 324 4071 in
364 4011 626 4070 omnibus
669 4011 744 4070 iis
792 4010 1185 4083 monasteriis,
1236 4030 1386 4088 quae
1418 4009 1511 4069 vel
1541 4014 1788 4088 propter
1819 4008 2237 4068 monachorum
2283 4008 2480 4068 multi·-

269 4101 512 4161 tudinem
558 4101 648 4159 vel
712 4100 787 4158 ad
850 4098 1343 4157 disseminandam
1405 4098 1580 4156 fidem
1643 4097 2022 4158 christianam
2082 4098 2156 4157 ab
2218 4098 2481 4176 ipsorum

271 4189 551 4269 discipulis
598 4189 658 4246 in
704 4188 972 4248 finitimis
1017 4188 1358 4266 regionibus
1405 4187 1729 4248 constituta
1776 4196 1961 4247 erant.
2054 4186 2129 4244 In
2176 4186 2268 4246 his
2314 4184 2479 4247 nobi·

270 4279 482 4340 lissimis
538 4277 908 4338 monasteriis
961 4282 1201 4356 praeter
1247 4277 1518 4351 Hiiense,
1578 4276 2007 4350 Olonardense,
2067 4275 2482 4337 Benchorense
