3025 4909
1407 186 1838 248 ...46-

501 369 895 448 colligendum
957 367 1062 442 sit,
1125 367 1475 429 Columbam
1532 369 1657 445 jam
1718 370 1953 430 novisse
2007 368 2336 429 Hiberniae
2397 369 2760 449 apostolum,

499 459 743 529 maximi
799 458 1084 518 momenti
1140 465 1256 532 est,
1321 459 1480 535 quod
1535 458 1693 516 idem
1741 458 2031 518 Columba
2088 458 2394 537 episcopos
2449 459 2761 518 Romanos

498 547 908 607 Hibernorum
971 547 1290 624 magistros
1356 547 1685 626 appellavit
1747 550 1864 626 (ep.
1909 547 2005 607 IV
2050 547 2144 606 ad.
2190 548 2341 606 Bon.
2399 569 2541 626 pap.
2593 548 2761 606 Bibl.

500 657 653 695 max.
700 643 855 715 patr.
901 635 1056 710 XII,
1104 657 1160 714 p.
1211 636 1293 694 25
1343 635 1443 712 G).

676 725 895 803 Itaque
967 725 1127 802 quod
1198 732 1394 785 exstat
1463 725 1722 783 omnium
1793 727 1866 785 de
1937 725 2203 786 Patricio
2273 684 2763 785 testimoniorum

497 814 973 891 antiquissimum
1018 815 1240 893 optime
1296 814 1554 892 quadrat
1605 814 1679 872 iis
1692 858 1706 887 ,
1755 834 1907 891 quae
1955 813 2321 874 Tirechanus
2366 814 2441 874 de
2496 814 2772 874 Patricii

498 902 816 963 itineribus
860 903 1142 982 prodidit.

676 993 792 1051 His
838 992 1122 1076 expositis
1163 993 1289 1067 jam
1336 997 1573 1070 tempus
1621 998 1737 1065 est,
1796 998 1865 1051 ut
1909 993 2355 1071 perscrutandis
2400 992 2590 1070 ipsius
2638 992 2769 1051 Pa-

496 1081 684 1152 tricii,
752 1100 904 1157 quae
948 1082 1247 1153 feruntur,
1310 1080 1549 1158 scriptis
1605 1102 1847 1159 operam
1904 1082 2125 1140 demus.
2219 1081 2404 1141 Absit
2446 1102 2621 1154 vero,
2686 1090 2773 1141 ut

498 1170 712 1246 loquar
772 1170 845 1227 de
904 1171 1176 1229 omnibus
1238 1169 1489 1228 Patricii
1551 1171 1849 1248 opusculis
1912 1191 1947 1229 a
1992 1171 2251 1229 Waraeo
2316 1173 2496 1247 (anno
2553 1171 2768 1247 1656)

497 1258 699 1332 editis,
770 1279 907 1317 nam
973 1259 1084 1318 etsi
1144 1259 1430 1317 nonnulla
1489 1280 1692 1318 eorum
1740 1263 1866 1334 jam
1924 1260 1987 1318 in
2034 1260 2357 1319 canonibus
2402 1260 2768 1319 Hibernicis

493 1346 759 1406 Patricio
806 1348 1102 1407 attributa
1146 1353 1285 1407 sunt
1331 1347 1565 1421 (XXV,
1617 1349 1653 1407 3
1688 1348 2212 1408 Wasserschleben
2260 1348 2344 1406 Ir.
2376 1348 2522 1407 Can.
2570 1371 2631 1426 p.
2670 1350 2756 1406 91

497 1442 558 1495 et
604 1436 856 1509 XXIX,
908 1439 942 1493 7
993 1457 1049 1513 p.
1088 1438 1256 1512 119),
1304 1442 1504 1494 tamen
1548 1437 1708 1495 inter
1754 1458 1955 1497 omnes
2003 1442 2234 1497 constat
2279 1438 2536 1516 plurima
2583 1439 2757 1495 adul-

496 1526 690 1584 terina
738 1545 866 1584 esse
913 1525 1010 1600 (cf.
1059 1525 1139 1583 H.
1187 1524 1305 1583 and
1352 1523 1439 1584 St.
1484 1524 1575 1599 II,
1612 1528 1669 1599 2,
1714 1547 1774 1603 p.
1809 1527 1980 1603 327).
2074 1527 2291 1604 Itaque
2338 1547 2458 1584 non
2503 1526 2623 1584 nisi
2679 1528 2760 1585 de

496 1615 570 1671 iis
617 1614 929 1672 dicendum
977 1619 1094 1685 est,
1166 1633 1318 1690 quae
1374 1615 1635 1690 genuina
1689 1614 1943 1674 Patricii
2002 1615 2225 1693 scripta
2270 1615 2571 1674 habentur
2617 1636 2759 1673 cum

497 1704 572 1761 ab
620 1702 750 1761 aliis
796 1708 925 1761 tum
972 1723 1007 1761 a
1053 1703 1198 1761 viris
1244 1703 1601 1762 doctissimis
1631 1704 1713 1762 H.
1746 1705 1866 1762 and
1897 1703 1983 1763 St.
2078 1704 2154 1761 In
2203 1725 2455 1781 quorum
2502 1724 2757 1763 numero

497 1812 628 1849 cum
686 1792 1015 1851 invenirem
1062 1790 1315 1850 Patricii
1371 1793 1667 1851 canticum
1715 1791 2039 1852 Scotticum
2095 1793 2201 1869 (H.
2249 1793 2369 1852 and
2415 1792 2505 1852 St.
2551 1793 2640 1866 II,
2695 1795 2756 1866 2,

495 1900 552 1957 p.
588 1881 715 1938 320
749 1883 926 1958 sqq.)‚
973 1881 1147 1939 valde
1194 1880 1445 1939 miratus
1490 1901 1637 1940 sum.
1697 1882 1851 1942 Nam
1899 1902 2091 1959 neque
2138 1882 2459 1959 quicquam
2505 1882 2568 1939 in
2615 1883 2755 1959 ipso

496 1969 752 2027 carmine
783 1969 1113 2028 Patricium
1145 1975 1448 2029 auctorem
1477 1971 1660 2029 fuisse
1691 1970 1916 2029 indicat
1947 1991 2141 2047 neque
2172 1973 2489 2030 verborum
2520 1971 2755 2029 formae

494 2057 747 2116 Patricii
793 2058 1164 2136 temporibus
1211 2059 1510 2135 quadrant
1557 2060 1652 2135 (cf.
1684 2059 2014 2118 Windisch.
2061 2059 2288 2119 Irische
2337 2059 2529 2119 Texte
2574 2082 2633 2138 p.
2680 2061 2753 2135 3)

494 2166 687 2223 neque
747 2147 900 2205 latet
917 2191 931 2219 ,
1004 2167 1181 2224 quam
1244 2148 1366 2205 vim
1425 2147 1687 2206 habeant
1750 2149 1987 2207 omnino
2046 2169 2450 2226 quaecumque
2497 2148 2562 2207 in
2606 2148 2753 2207 libri

493 2236 869 2311 Hymnorum
925 2236 1399 2314 praefationibus
1458 2237 1533 2294 de
1593 2236 1960 2314 singulorum
2024 2238 2349 2296 carminum
2404 2238 2751 2296 auctoribus

493 2325 895 2384 inveniuntur.
988 2325 1218 2398 Quibus
1276 2324 1349 2383 de
1406 2325 1597 2384 causis
1654 2327 1951 2386 canticum
2013 2326 2189 2399 illud,
2260 2329 2426 2401 cnjus
2490 2326 2746 2403 primam

494 2415 852 2473 mentionem
908 2416 1175 2472 fecerunt
1231 2414 1640 2473 additamenta
1687 2414 2006 2475 Tirechani
2051 2416 2180 2491 (lib.
2226 2414 2439 2473 Ardm.
2488 2415 2747 2474 Betham

494 2501 589 2575 II,
638 2523 775 2581 app.
838 2524 895 2580 p.
941 2501 1290 2579 XXXVI),
1360 2524 1396 2560 a
1440 2502 1707 2562 Patricio
1766 2499 1992 2562 factum
2052 2524 2171 2562 non
2229 2524 2354 2563 esse
2411 2524 2523 2582 pro
2581 2511 2745 2562 certo

493 2591 829 2649 habendum
886 2598 991 2651 est.
1085 2590 1424 2649 Genuinum
1478 2592 1534 2650 si
1589 2598 1745 2650 esset
1798 2592 2049 2651 Patricii
2105 2613 2277 2670 opus,
2336 2593 2415 2651 ad
2476 2598 2744 2652 nostram

497 2681 900 2756 quaestionem
933 2680 1159 2737 nullum
1191 2679 1401 2738 afferet
1429 2685 1811 2738 momentum.
1871 2680 2046 2739 Licet
2084 2682 2272 2758 igitur
2301 2681 2375 2739 de
2416 2702 2484 2739 eo
2525 2689 2742 2740 tacere.

672 2769 912 2828 Mallem
957 2774 1155 2827 tacere
1202 2768 1382 2827 etiam
1429 2767 1503 2826 de
1551 2770 1915 2827 confessione
1953 2769 2207 2828 Patricii
2252 2776 2313 2829 et
2359 2770 2432 2827 de
2478 2759 2742 2846 ejusdem

394 2892 398 2898 ·
495 2858 752 2936 epistula
797 2856 880 2916 ad
925 2853 1267 2917 christianos
1302 2854 1558 2918 Corotici
1593 2857 1835 2936 tyranni
1860 2855 2119 2918 subditos
2150 2858 2255 2934 (H.
2287 2860 2405 2917 and
2437 2856 2526 2918 St.
2558 2858 2647 2930 II,
2683 2860 2740 2930 2,

492 2968 550 3024 Ρ.
605 2948 728 3004 296
779 2967 908 3022 sqq.
969 2953 1031 3006 et
1088 2947 1217 3005 314
1273 2948 1455 3024 sqq.),
1529 2967 1680 3025 quae
1740 2947 2000 3023 genuina
2058 2947 2313 3006 Patricii
2373 2967 2554 3025 opera
2615 2968 2741 3006 esse

498 3055 699 3095 omnes
758 3037 880 3094 fere
942 3036 1336 3095 consentiunt.
1428 3037 1584 3097 Nam
1647 3057 1798 3112 quae
1858 3037 1930 3094 de
1961 3062 1965 3068 ·
1991 3036 2083 3094 his
2144 3036 2383 3113 scriptis
2446 3036 2742 3096 exsistunt

495 3125 897 3201 quaestiones,
956 3125 1194 3184 omnino
1238 3125 1301 3183 in
1348 3126 1660 3203 praesenti·
1696 3125 1846 3184 solvi
1892 3145 2010 3183 non
2055 3144 2227 3202 posse
2272 3125 2577 3198 videntur,
2605 3155 2612 3158 -
2637 3145 2738 3183 ne·

494 3214 633 3271 dum
679 3235 713 3272 a
758 3233 868 3271 me.
960 3214 1419 3274 Vetustissimus
1475 3214 1633 3272 enim
1690 3214 1859 3290 isque
1915 3214 2086 3273 valde
2141 3214 2454 3274 mendosus
2514 3215 2738 3272 confes-

493 3303 675 3360 sionis
721 3302 905 3361 codex
951 3309 1147 3363 exstat
1194 3304 1258 3361 in
1303 3304 1456 3362 libro
1504 3302 1951 3375 Ardmachano,
2021 3302 2276 3380 epistula
2335 3302 2594 3378 primum
2649 3303 2737 3359 in·

493 3391 732 3451 venitur
776 3392 837 3449 in
888 3393 1086 3451 codice
1135 3393 1390 3469 quodam
1436 3393 1588 3450 Mus.
1634 3391 1791 3448 Brit.
1833 3390 2073 3450 Cotton.
2119 3392 2281 3451 Nero
2326 3390 2379 3449 E
2419 3391 2447 3448 1
2503 3397 2564 3449 et
2606 3392 2739 3468 ipso

494 3481 915 3540 confessionem
975 3501 1209 3558 quoque
1267 3480 1614 3546 continenti.
1723 3477 2033 3538 Trecentis
2092 3480 2277 3555 igitur
2333 3485 2394 3538 et
2450 3480 2738 3555 quinqua-

492 3569 662 3645 ginta
707 3571 876 3629 annis
922 3575 1060 3648 post
1104 3569 1357 3628 Patricii
1404 3576 1651 3626 mortem
1697 3568 2136 3627 vetustissimus
2192 3569 2296 3643 qui
2350 3574 2547 3626 exstat
2604 3588 2739 3627 con-

492 3658 760 3718 fessionis
802 3660 989 3717 codex
1035 3664 1127 3717 est
1171 3658 1558 3735 conscriptus.
1616 3656 1826 3733 Neque
1873 3657 2049 3715 ullius
2095 3657 2376 3715 momenti
2425 3664 2531 3730 est,
2581 3657 2740 3734 quod

493 3768 528 3804 a
573 3744 875 3824 volumine,
925 3746 1085 3830 quod
1127 3743 1424 3804 Patricius
1467 3765 1651 3803 manu
1694 3743 2035 3824 commpsit
2079 3763 2187 3803 sua
2232 3745 2566 3823 descriptus
2613 3766 2738 3804 esse

491 3837 750 3894 traditur
796 3836 922 3911 (lib.
972 3835 1184 3892 Ardm.
1232 3834 1485 3892 Betham
1528 3833 1599 3891 H
1645 3855 1781 3912 app.
1827 3856 1885 3911 p.
1916 3834 2084 3909 LV);
2134 3854 2269 3892 nam
2317 3836 2448 3910 quis
2494 3835 2738 3893 librario

492 3925 733 3984 credat?
803 3923 1019 4000 Itaque
1067 3944 1197 3981 cum
1248 3922 1433 3981 codex
1478 3923 1619 3981 libri
1664 3923 2076 3983 Ardmachani
2123 3924 2350 3982 mendis
2406 3931 2633 3983 scateat
2679 3931 2739 3981 et

491 4013 719 4072 lacunis
749 4032 925 4089 saepe
957 4007 1321 4070 deformatus
1351 4011 1447 4085 sit,
1497 4017 1558 4070 et
1604 4033 1736 4070 cum
1783 4013 2129 4089 posterioris
2175 4013 2463 4088 temporis
2510 4013 2737 4071 codices

490 4100 928 4173 additamentis,
972 4105 1042 4157 ut
1087 4100 1354 4158 nonnulli
1400 4107 1636 4179 putant,
1683 4102 2021 4178 saepissime
2067 4102 2226 4160 aucti
2276 4101 2397 4160 sint
2429 4136 2531 4173 —,
2585 4121 2737 4178 quae

490 4190 714 4248 fuerint
760 4189 1143 4248 confessionis
1175 4190 1360 4248 verba
1391 4190 1718 4267 disceptari
1748 4211 1867 4248 non
1899 4197 2123 4268 potest3
2172 4211 2365 4266 neque
2396 4190 2734 4261 defuerunt,

493 4279 595 4356 qui
656 4277 816 4336 aliud
873 4299 907 4336 a
960 4277 1223 4336 librariis
1279 4278 1549 4338 additum
1605 4278 1767 4338 aliud
1824 4280 2100 4338 omissum
2163 4300 2290 4338 esse
2351 4300 2426 4337 ex
2492 4278 2736 4337 libidine
