3025 4909
1139 226 1578 295 abst)...

234 412 511 493 exemplo
581 413 927 475 confirmare
990 438 1313 494 possumus.
1404 417 1592 495 Apud
1654 414 2008 493 Gregorium
2071 411 2226 476 enim
2288 407 2475 478 'Paroa

233 526 482 563 nensem
527 506 776 581 legimus
821 505 1177 565 Macliavum
1224 506 1534 582 quendam,
1582 506 1909 580 Britonem,
1956 507 2202 566 fratrem
2245 506 2476 581 Obana·

232 595 372 653 onis
420 594 586 653 ducis
632 593 997 667 Armoricae,
1061 591 1387 653 Veneticam
1429 593 1631 655 urbem
1680 596 1741 672 (i.
1785 617 1833 656 e.
1868 597 2137 673 Vannes)
2185 596 2479 676 effetiisse

230 682 428 763 ibique
471 691 835 743 tonsuratum
881 683 1212 766 episcopum
1257 704 1372 745 esse
1418 683 1772 757 ordinatum,
1821 694 2051 744 mortuo
2098 694 2291 746 autem
2324 682 2476 744 Cha-

231 791 428 831 naone
459 776 534 848 (a.
567 773 623 831 d.
661 773 813 850 553)
860 773 1271 853 apostatavisse
1315 782 1367 833 et
1411 772 1673 833 demissis
1718 772 1946 853 capillis
1990 794 2254 846 umorem,
2301 795 2479 855 quam

230 869 375 940 post
428 860 755 922 clericatum
800 860 1127 944 reliquerat,
1173 884 1305 922 cum
1348 883 1524 943 rayno
1550 913 1555 918 .
1563 861 1783 944 fratris
1834 860 2011 923 simul
2061 862 2343 943 accepisse
2394 898 2481 907 —

234 949 348 1011 sed
401 949 476 1009 ab
529 950 809 1034 episcopis
857 989 939 997 -
987 954 1174 1029 iisque
1230 954 1436 1030 procul
1492 952 1672 1012 dubio
1728 953 2076 1013 Britonibus
2130 988 2203 997 —-
2255 973 2477 1014 earcom-

233 1039 602 1099 mum‘catum
646 1060 763 1100 esse
809 1043 888 1117 (h.
923 1063 968 1101 e.
1001 1042 1113 1116 IV,
1147 1043 1205 1099 4.
1237 1043 1318 1100 H.
1350 1042 1466 1101 and
1498 1042 1585 1101 St.
1618 1042 1704 1115 II,
1743 1045 1795 1116 1,
1826 1065 1883 1120 p.
1920 1043 2045 1120 75).

422 1130 725 1190 Refutatis
782 1131 992 1209 igitur,
1054 1152 1203 1207 quae
1258 1132 1331 1190 de
1388 1133 1761 1191 sacerdotum
1817 1133 2209 1191 matrimoniis
2264 1134 2339 1191 ab
2387 1154 2478 1190 ec-

236 1219 422 1278 clesia
468 1220 783 1278 Britonum
829 1222 1096 1298 probatis
1143 1241 1427 1299 persaepe
1474 1226 1614 1280 sunt
1659 1222 1815 1293 ficta,
1863 1222 2191 1298 peculiares
2240 1228 2300 1280 et
2344 1242 2477 1299 pro·

234 1309 404 1387 prios
477 1309 793 1368 Britonum
878 1330 1068 1369 mores
1135 1311 1247 1369 hoc
1314 1312 1441 1370 loco
1510 1313 1628 1369 no'n
1699 1311 2027 1371 invenimus
2095 1312 2209 1369 nisi
2277 1312 2479 1370 hosce:

237 1399 743 1475 computationem
812 1401 1116 1478 propriam
1186 1401 1325 1459 festi
1401 1401 1695 1478 paschalis
1776 1407 1834 1459 et
1911 1401 2272 1478 peculiarem
2349 1407 2480 1459 ton-

236 1509 414 1547 surae
460 1490 725 1547 formam.

423 1577 728 1637 Paschalis
775 1578 964 1652 illius,
1026 1584 1095 1636 ut
1140 1579 1227 1637 ita
1274 1579 1494 1651 dieam,
1556 1579 1715 1637 inter
1760 1579 2060 1637 Romanas
2116 1586 2177 1638 et
2224 1578 2483 1638 Celticae

239 1666 522 1725 ecclesias
591 1669 1026 1727 controversiae
1105 1668 1400 1745 principia
1478 1669 1872 1728 astronomica
1942 1675 2003 1727 et
2071 1669 2482 1746 chronologica

239 1757 436 1814 denuo
471 1758 835 1833 perscrutari
867 1778 1060 1816 meum
1093 1777 1211 1814 non
1241 1758 1467 1833 putavi,
1518 1763 1608 1816 est
1655 1757 1809 1816 enim
1852 1777 1946 1815 res
1978 1758 2231 1816 maxime
2262 1759 2481 1816 odiosa.

242 1845 424 1903 Teste
487 1845 760 1905 Ebrardo
826 1848 908 1924 (p.
961 1847 1243 1922 19—78)
1307 1847 1709 1906 controversia
1778 1868 1896 1904 non
1960 1851 2088 1905 erat
2151 1847 2222 1904 de
2288 1848 2482 1923 cycliS,

244 1935 461 2012 quibus
507 1935 647 1994 festi
693 1935 818 1993 dies
867 1936 1172 2013 paschales
1229 1940 1744 2020 computarentur,
1815 1936 1917 1994 sed
1978 1935 2174 2013 posita
2230 1942 2359 1995 erat
2422 1937 2483 1993 in

244 2046 318 2082 ea
365 2044 446 2097 re,
492 2029 710 2097 utrum,
760 2045 890 2083 cum
937 2025 1115 2103 primi
1160 2031 1297 2101 post
1343 2026 1780 2103 aequinoctium
1828 2025 2140 2103 plenilunii
2184 2026 2307 2083 dies
2341 2026 2402 2101 (i.
2436 2046 2482 2082 e.

242 2112 454 2174 Nisani
502 2114 970 2190 quartadecima)
1036 2116 1272 2174 caderet
1332 2115 1394 2174 in
1456 2116 1611 2173 diem
1672 2113 2058 2187 dominicam,
2127 2116 2332 2173 liceret
2375 2115 2484 2172 hac

244 2202 377 2282 ipsa
407 2203 580 2261 lunae
617 2204 1059 2280 quartadecima
1105 2205 1323 2263 festum
1369 2204 1817 2263 resurrectionis
1865 2203 2085 2262 domini
2133 2205 2289 2262 diem
2336 2205 2483 2262 cele-

242 2294 436 2364 brare,
485 2313 683 2351 necne.
776 2292 1033 2352 Romani
1095 2293 1249 2351 enim
1311 2293 1414 2352 illa
1475 2300 1671 2352 aetate
1734 2295 1952 2351 festum
2005 2293 2280 2370 paschale
2326 2294 2485 2352 intra

249 2383 456 2439 16ῃῑιωῑια
488 2388 548 2439 et
583 2383 790 2439 22¹¹²⁸¹¹²
834 2383 1011 2440 lunae
1060 2382 1214 2440 diem
1265 2384 1645 2442 celebrabant
1690 2384 1727 2441 i.
1761 2403 1808 2440 e.
1841 2383 2013 2440 lunae
2046 2389 2211 2441 sexta
2243 2382 2485 2455 decima,

242 2491 376 2529 cum
422 2471 812 2549 plenilunium
861 2472 1060 2546 (lunae
1115 2472 1297 2548 14ma)
1346 2473 1639 2531 inciderat
1682 2472 1745 2529 in
1793 2471 1948 2529 diem
1997 2471 2264 2544 Veneris,
2311 2473 2486 2530 lunae

251 2562 408 2617 17m⁸
454 2581 586 2618 cum
632 2560 693 2618 in
737 2560 909 2620 Jovis
957 2561 1110 2618 diem
1161 2566 1300 2634 etc.;
1347 2562 1478 2640 ipsa
1526 2566 1721 2619 autem
1768 2562 1942 2619 lunae
1988 2560 2147 2618 14m²
2186 2562 2483 2620 celebran-

246 2649 385 2707 dum
432 2669 549 2707 non
598 2670 722 2708 esse
769 2650 1087 2709 censebant
1134 2655 1209 2722 et,
1269 2651 1408 2726 quia
1464 2650 1808 2727 ambiguum
1866 2670 2041 2727 saepe
2089 2657 2240 2709 esset
2299 2650 2485 2728 pleni·

241 2738 391 2796 lunii
438 2743 686 2817 tempus,
733 2759 806 2796 ne
861 2738 1018 2798 15m⁸
1066 2739 1319 2814 quidem.
1411 2739 1691 2799 Britones
1738 2746 1935 2797 autem
1982 2741 2068 2815 (et
2114 2738 2332 2815 Scoti),
2399 2745 2484 2797 et-

244 2827 413 2886 iamsi
447 2826 666 2886 Judaei
708 2828 913 2886 eadem
959 2829 1133 2888 lunae
1186 2830 1344 2886 14ma
1388 2829 1608 2907 pascha
1655 2849 1823 2887 suum
1857 2829 2238 2912 celebrarent,
2287 2835 2485 2887 tamen

243 2917 395 2975 hanc
445 2916 624 2990 diem,
690 2937 821 2975 cum
867 2916 1154 2976 incideret
1198 2918 1262 2976 in
1307 2918 1462 2976 diem
1511 2918 1893 2991 dominicam,
1941 2917 2319 2994 rejiciendam
2368 2937 2485 2975 non

245 3026 368 3064 esse
414 3005 878 3065 arbitrabantur.

423 3096 555 3168 Qua
601 3096 664 3152 in
712 3096 1114 3154 controversia
1161 3096 1377 3155 nullius
1424 3096 1708 3154 momenti
1751 3096 1929 3155 fuisse
1969 3095 2278 3154 Ebrardus
2325 3095 2483 3153 affir-

246 3191 398 3256 mat,
469 3186 625 3259 quod
673 3184 955 3244 Britones
1017 3185 1212 3243 lunari
1273 3185 1577 3262 octoginta
1640 3191 1897 3261 quatuor
1959 3204 2246 3244 annorum
2304 3185 2485 3260 cycIO,

245 3273 501 3331 Romani
561 3275 720 3349 cyclo
769 3274 1022 3333 Victorii
1086 3275 1456 3351 undeviginti
1519 3295 1828 3347 annorum,
1902 3295 2075 3351 quem
2137 3293 2291 3332 anno
2356 3273 2482 3332 465

246 3369 618 3440 receperant,
666 3365 1013 3437 utebantur,
1076 3368 1141 3422 ut
1190 3369 1632 3442 computarent,
1698 3385 1873 3441 quam
1919 3365 1980 3422 in
2029 3365 2181 3421 diem
2228 3363 2486 3441 primum

247 3452 393 3510 illud
438 3452 597 3511 veris
642 3454 1036 3531 plenilunium
1086 3454 1317 3531 (Nisani
1375 3453 1554 3530 14¹¹¹⁸)
1610 3453 1916 3512 incideret.
2011 3454 2176 3527 Quae
2224 3452 2486 3511 Ebrardi

248 3542 540 3600 sententia
572 3542 729 3600 haud
762 3543 878 3601 scio
912 3564 1107 3601 annon
1140 3546 1361 3620 majore
1394 3543 1509 3600 fide
1558 3543 1739 3619 digna
1787 3543 1865 3602 sit
1912 3562 2088 3618 quam
2135 3542 2284 3601 aliae
2333 3544 2483 3618 ejus-

248 3631 392 3689 dem.
483 3631 624 3690 Jam
685 3631 1047 3690 Cumeanum
1111 3634 1290 3708 (anno
1341 3631 1484 3705 634,
1544 3633 1615 3690 cf.
1662 3633 1843 3709 infra)
1905 3639 1967 3690 et
2025 3630 2253 3690 Bedam
2316 3631 2487 3689 aliter

249 3721 491 3780 sensisse
549 3721 676 3797 ipse
723 3720 1028 3800 Ebrardus
1085 3721 1428 3795 confitetur,
1499 3741 1690 3799 neque
1753 3721 2087 3779 dubitarem
2150 3725 2361 3798 putare
2422 3720 2483 3777 in

248 3811 354 3867 hac
399 3816 523 3869 tam
570 3809 799 3868 difficili
846 3830 1019 3870 causa
1066 3818 1297 3870 veteres
1343 3811 1475 3869 illos
1523 3811 1839 3885 erravisse,
1902 3811 1949 3869 si
2010 3831 2191 3868 unum
2237 3810 2485 3868 haberet

248 3899 551 3958 Ebrardus
582 3901 913 3958 sententiae
946 3901 1183 3960 socium.
1262 3898 1380 3958 Sed
1420 3901 1544 3977 ipse
1577 3900 1925 3973 Haddanus,
1972 3901 2065 3958 vir
2095 3899 2483 3971 doctissimus,

248 3996 315 4047 ut
360 3995 585 4047 taceam
631 3989 704 4048 de
751 3989 982 4047 Idelero
1031 3997 1091 4048 et
1136 3990 1293 4048 aliis:
1356 3986 1440 4047 all
1482 3986 1649 4061 these,
1699 3990 1897 4067 inquit
1943 3990 2047 4065 (H.
2097 3989 2215 4048 and
2262 3987 2351 4047 St.
2397 3987 2483 4060 II,

255 4081 304 4151 1,
351 4099 407 4155 p.
453 4078 534 4135 78
582 4085 702 4137 not.
748 4099 808 4157 p.
866 4080 945 4136 77
995 4100 1030 4137 a
1077 4081 1266 4156 perg.)
1314 4074 1531 4136 Easter
1590 4077 1846 4159 disputes
1906 4098 2073 4139 arose
2126 4074 2343 4157 merely
2389 4084 2486 4136 out

250 4165 319 4248 of
352 4187 391 4225 a
436 4164 733 4247 confusion
776 4167 1093 4248 reffectinq
1139 4164 1334 4247 cyclea
1426 4167 1501 4225 Id
1548 4189 1686 4227 vero
1735 4176 1959 4228 certum
2007 4174 2121 4240 est,
2179 4168 2337 4242 quod
2382 4166 2484 4225 ille

247 4278 369 4316 mos
416 4257 751 4314 celebrandi
796 4257 932 4315 festi
993 4257 1286 4335 paschalis
1348 4257 1506 4314 intra
1552 4257 1725 4316 lunae
1779 4258 1981 4315 14m⁸m
2022 4266 2083 4316 et
2126 4258 2334 4313 20Ῑῑιῐιειιῃῑι
2381 4260 2486 4314 aut

247 4348 401 4405 intra
470 4347 671 4402 16¹mun
727 4353 787 4405 et
845 4347 1052 4402 22m⁸m
1098 4348 1172 4404 ab
1237 4347 1365 4424 ipsa
1424 4346 1732 4421 plenilunii
1796 4346 2237 4424 computatione
2298 4344 2482 4402 haud-

2090 4446 2164 4500 2*
