3025 4909
1420 184 1855 241 -28-

525 364 724 442 aliquo
765 367 901 441 jure
947 363 1149 442 putari
1193 369 1393 440 potest
1437 349 1648 422 borum
1679 361 1994 423 Britonum
2041 363 2350 443 episcopus
2383 362 2488 440 (H.
2519 363 2641 422 and
2673 363 2762 423 St.

522 456 560 513 l.
607 474 654 512 c.
701 452 897 513 Skene
941 453 1027 527 H,
1073 474 1130 530 p.
1181 454 1307 529 29).

701 542 901 602 Ceteri
950 542 1230 601 Britones
1274 542 1580 601 Romanae
1640 542 1918 601 ecclesiae
1976 563 2095 601 non
2139 543 2303 621 prius
2349 563 2528 619 quam
2576 563 2763 620 regno

522 631 857 709 Anglorum
918 631 1166 690 adunati
1221 638 1373 691 sunt.
1467 632 1641 705 Quod
1687 632 1773 690 ita
1828 633 2093 690 futurum
2140 653 2263 691 esse
2307 632 2596 711 apparuit
2634 636 2764 709 jam

523 743 675 781 anno
726 722 870 780 705.
946 721 1077 795 Quo
1125 741 1279 780 anno
1328 721 1424 799 (cf.
1468 721 1550 779 H.
1596 721 1714 779 and
1760 720 1848 781 St.
1878 721 1999 795 ΠΙ,
2046 743 2103 799 Ρ.
2147 722 2301 798 268)
2348 743 2479 780 011111
2510 720 2764 780 Aldhel·

522 832 677 884 mus,
734 811 921 870 abbas
965 810 1483 870 Malmesburensis
1522 811 1772 887 jubente
1818 811 2076 887 synodo1
2120 813 2184 870 in
2228 811 2445 870 finibus
2490 812 2762 871 occiden-

522 901 731 959 talium
788 898 1089 959 Saxonum
1151 906 1510 978 congregata
1567 898 1860 960 Geruntio
1921 901 2049 978 regi
2093 901 2465 960 Damnoniae
2525 901 2766 961 litteras

524 990 778 1049 misisset
824 988 1023 1065 (Jaffe,
1071 988 1229 1049 Bibl.
1269 1011 1383 1048 rer.
1417 987 1617 1048 Germ.
1651 989 1770 1063 HI,
1819 1011 1909 1068 ep.
1947 991 2027 1067 1),
2073 990 2289 1067 quibus
2336 991 2527 1069 ipsum
2558 1011 2764 1068 regem

523 1084 583 1138 et
613 1078 894 1137 Britones
942 1078 997 1137 ei
1040 1079 1309 1139 subditos
1341 1079 1617 1137 ecclesiae
1646 1080 1953 1138 Romanae
1983 1080 2393 1140 reconciliaret
2429 1115 2502 1123 —
2540 1081 2765 1154 verbis,

523 1168 714 1241 cred0,
760 1167 1158 1246 asperioribus
1206 1170 1302 1244 (cf.
1335 1168 1555 1245 Bright
1599 1190 1656 1246 p.
1691 1169 1844 1245 421)
1880 1205 1962 1213 —-
1996 1169 2145 1229 adeo
2191 1191 2428 1248 operam
2475 1170 2764 1248 perdidit,

521 1263 591 1316 ut
647 1257 799 1315 nulli
843 1257 1160 1316 Britonum
1214 1257 1414 1317 verbis
1471 1261 1596 1334 ejus
1642 1259 2124 1336 obtemperarent
2167 1259 2284 1317 nisi
2328 1260 2396 1332 ii,
2460 1260 2562 1336 qui
2608 1259 2766 1318 occi-

523 1347 862 1406 dentalibus
894 1346 1230 1406 Saxonibus
1269 1351 1394 1424 jam
1441 1348 1694 1424 subJecti
1740 1357 1909 1407 erant
1954 1348 2015 1425 (i.
2063 1370 2110 1407 e.
2158 1349 2229 1422 ei,
2278 1350 2381 1425 qui
2420 1349 2768 1408 incolebant

521 1437 840 1513 regionem,
888 1437 981 1494 cui
1027 1436 1201 1495 hodic
1231 1457 1444 1495 nomen
1476 1444 1567 1496 est
1598 1434 1905 1518 Somersct‚
1938 1437 2106 1496 Beda
2135 1438 2191 1497 h.
2225 1458 2272 1497 e.
2309 1438 2363 1512 5,
2404 1439 2483 1497 18
2516 1440 2551 1517 ξ
2584 1438 2767 1515 410),

520 1526 562 1583 ii
612 1532 809 1585 autem
841 1525 1119 1584 Britones
1165 1526 1269 1602 qui
1313 1527 1594 1586 libertate
1640 1527 1820 1585 etiam
1867 1533 2009 1586 tunc
2054 1528 2408 1587 fruebantur
2448 1526 2767 1588 domestico

521 1612 635 1673 sibi
684 1613 818 1675 odio
860 1623 1085 1696 gentem
1131 1612 1468 1698 Anylorum
1512 1624 1563 1676 et
1607 1615 1777 1675 tetius
1823 1613 2084 1676 ecclesiae
2128 1625 2342 1677 statum
2377 1614 2604 1700 pascha
2645 1616 2764 1676 im-

514 1724 786 1784 puynare
829 1712 1147 1783 pergerent
1191 1705 1382 1782 (Beda
1428 1705 1486 1764 h.
1520 1727 1566 1764 e.
1602 1706 1658 1778 5,
1708 1707 1790 1764 23
1838 1708 1873 1784 ξ
1922 1706 2078 1785 451)
2124 1742 2198 1750 -
2235 1708 2420 1767 donec
2450 1707 2765 1783 Egbertus

522 1788 628 1852 rex
673 1795 843 1853 bellis
891 1814 1044 1853 anno
1092 1795 1238 1867 813,
1288 1795 1436 1867 823,
1486 1796 1614 1853 825
1662 1796 1844 1871 gestis
1874 1796 2271 1855 Damnoniam
2317 1817 2501 1873 regno
2548 1817 2653 1856 suo
2695 1803 2763 1855 et

523 1883 801 1942 ecclesiae
849 1883 1155 1942 Romanae
1202 1885 1475 1960 adjunxit
1521 1884 1664 1961 (vid.
1709 1886 1788 1943 H.
1837 1885 1954 1943 and
2000 1884 2088 1945 St.
2134 1885 2186 1960 I,
2233 1908 2290 1964 p.
2342 1887 2467 1945 673
2515 1890 2643 1963 sq.).

698 1972 986 2033 Similiter
1029 1973 1092 2031 in
1126 1973 1420 2047 Gambria,
1469 1977 1634 2051 cujus
1680 1975 1942 2052 episcopi
1982 1978 2107 2050 jam
2152 1976 2313 2035 intra
2360 1995 2577 2034 annum
2627 1974 2754 2033 755

521 2069 582 2121 et
630 2063 755 2120 809
804 2062 865 2121 vi
911 2062 1102 2122 coacti
1148 2085 1183 2122 a
1212 2061 1583 2122 Saxonibus²
1626 2065 1845 2142 partim
1876 2064 2209 2123 Romanum
2255 2067 2474 2143 pascha
2515 2085 2753 2142 accepe-

518 2158 674 2225 rant,
722 2150 1022 2211 schismati
1066 2152 1241 2211 simul
1288 2173 1418 2211 cum
1458 2153 1739 2213 libertate
1782 2155 1857 2213 ab
1899 2153 2103 2212 eodem
2134 2154 2403 2231 Egberto
2435 2176 2589 2214 anno
2623 2155 2750 2213 816

517 2241 650 2300 finis
695 2241 1006 2319 impositus
1049 2247 1153 2301 est.

695 2331 792 2389 Ex
820 2331 912 2390 his
944 2332 1216 2391 omnibus
1248 2353 1379 2390 cum
1413 2337 1702 2411 appareat
1732 2333 2196 2392 controversiam
2226 2334 2385 2392 inter
2416 2332 2752 2411 Anglorum

519 2428 580 2481 et
609 2421 925 2481 Britonum
966 2422 1236 2481 ecclesias
1267 2421 1467 2500 potius
1497 2422 1679 2481 fuisse
1709 2423 1929 2482 bellum
1961 2423 2118 2482 inter
2147 2423 2320 2482 hasce
2351 2424 2499 2482 duas
2528 2429 2753 2500 genteS‚

519 2511 896 2571 manifestum
942 2517 1032 2570 est
1087 2511 1466 2571 dissensionis
1513 2513 1940 2572 ecclesiasticae
1986 2513 2434 2590 amplitudinem
2480 2533 2587 2571 nos
2634 2532 2751 2570 non

517 2620 687 2676 posse
735 2601 933 2658 metiri
980 2600 1417 2659 controversiae
1465 2601 1805 2660 acerbitate.
1896 2600 2069 2660 Inter
2115 2601 2388 2662 ecclesias
2434 2601 2753 2661 Britonum

518 2695 579 2747 et
610 2687 1139 2766 Anglo·Saxonum
1185 2683 1470 2748 dissensi0
1518 2711 1636 2748 non
1682 2696 1809 2749 erat
1855 2690 1968 2750 nisi
2016 2692 2087 2749 de
2136 2691 2573 2770 computatione
2612 2691 2754 2751 festi

517 2778 809 2855 paschalis
856 2784 916 2837 et
962 2778 1033 2836 de
1080 2778 1377 2837 nonnullis
1423 2778 1638 2838 ritibus
1684 2780 2109 2840 ecclesiasticis.

692 2867 856 2944 Ergo
905 2887 1277 2944 nequaquam
1322 2888 1431 2946 pro
1461 2866 1594 2941 fide,
1641 2867 1743 2928 vix
1773 2890 1880 2948 pro
1913 2872 2189 2944 moribus,
2238 2877 2398 2930 certo
2431 2893 2539 2950 pro
2571 2873 2749 2931 liber-

515 2962 640 3015 tate
685 2956 966 3016 Britones
1011 2977 1142 3015 cum
1188 2955 1527 3017 Saxonibus
1572 2967 2005 3036 pugnaverunt.

692 3046 899 3122 Longe
947 3046 1124 3105 aliter
1162 3046 1547 3122 judicandum
1595 3053 1684 3107 est
1715 3048 1787 3106 de
1820 3049 2216 3108 controversia
2247 3050 2405 3108 inter
2435 3049 2749 3110 Scotorum

517 3142 579 3195 et
636 3134 973 3213 Anglorum
1034 3134 1325 3195 ecclesias.
1432 3137 1784 3212 Quanquam
1847 3138 2001 3195 enim
2060 3140 2355 3217 permulta
2416 3140 2749 3199 communia

514 3225 694 3285 fuisse
725 3225 1005 3284 ecclesiae
1037 3223 1351 3285 Scotorum
1385 3231 1444 3285 et
1473 3226 1792 3285 Britonum
1824 3247 1994 3286 nemo
2027 3237 2132 3301 est,
2165 3230 2269 3304 qui
2299 3236 2491 3305 neget,
2533 3235 2750 3303 tamen,

515 3314 619 3390 qui
677 3314 899 3373 fuerint
957 3315 1266 3392 utriusque
1328 3336 1546 3389 mores,
1607 3317 1783 3393 plane
1844 3318 2113 3393 cognosci
2160 3339 2275 3377 non
2322 3324 2521 3395 potest
2567 3319 2615 3377 si
2672 3353 2744 3361 —-—

516 3402 673 3479 quod
716 3404 988 3482 plurimis
1034 3405 1276 3483 placuit,
1324 3425 1442 3463 non
1488 3426 1626 3466 vero
1675 3406 1820 3464 viris
1868 3406 2220 3465 doctissimis
2264 3407 2343 3467 H.
2391 3407 2508 3466 and
2554 3406 2641 3467 St.
2690 3412 2752 3466 et

515 3497 717 3551 nostro
752 3491 1042 3553 Schoellio
1075 3495 1179 3554 sed
1209 3495 1360 3574 proh
1393 3494 1591 3553 dolor!
1632 3495 1778 3572 ipsis
1808 3495 1951 3554 viris
1979 3515 2205 3555 summa
2236 3496 2541 3555 doctrinae
2576 3497 2751 3556 laude

517 3581 738 3657 dignis,
798 3581 1075 3660 Brightio
1137 3589 1196 3643 et
1240 3584 1556 3644 Warrenio
1604 3619 1689 3628 —
1737 3604 1854 3642 una
1900 3592 1961 3645 et
1990 3586 2209 3644 ‘eadem
2257 3588 2750 3684 qommentatione

665 3811 685 3841 1
724 3810 888 3863 Hanc
928 3810 1211 3877 synodum·
1239 3811 1475 3863 eandem
1515 3827 1650 3875 esse,
1706 3811 1796 3864 cui
1835 3811 2180 3866 Winfridum
2218 3813 2536 3868 interfuisse
2573 3814 2750 3867 refert

528 3880 884 3935 willibaldus
932 3883 1033 3935 vit.
1074 3883 1213 3935 Bon.
1256 3880 1431 3947 Jaffe,
1486 3882 1638 3935 Bibl.
1678 3900 1786 3936 rer.
1829 3883 2016 3937 Germ.
2055 3883 2165 3949 ΠΙ,
2207 3903 2262 3953 p.
2303 3886 2405 3940 439
2444 3886 2563 3938 sine
2594 3887 2748 3954 justa

520 3971 688 4007 causa
725 3953 938 4021 opinati
978 3957 1110 4007 sunt
1147 3952 1223 4007 Η.
1265 3954 1374 4005 and
1415 3952 1497 4006 St.
1540 3953 1587 4018 Ι,
1631 3972 1688 4021 p.
1730 3954 1834 4009 674
1869 3959 1985 4010 not.
2026 3956 2080 4011 b.

662 4026 684 4058 ‘²
722 4025 866 4079 Brut
903 4042 937 4091 y
963 4023 1197 4091 'wayso
1239 4023 1334 4075 ion
1375 4025 1470 4093 (de
1509 4042 1618 4095 quo
1655 4025 1802 4079 libro
1829 4026 1942 4079 vid.
1971 4025 2364 4095 Lappenberg,
2408 4027 2608 4081 Gesch.
2637 4045 2747 4083 von

518 4097 727 4167 Engld.
766 4115 821 4166 p.
852 4094 1079 4162 XLIII)
1117 4112 1165 4148 a.
1195 4043 1247 4148 ἓ.
1278 4095 1410 4149 755:
1450 4099 1625 4150 caster
1660 4113 1771 4150 was
1808 4096 2043 4166 chanyed
2065 4098 2128 4153 in
2155 4098 2429 4166 Gywnedd
2456 4098 2550 4167 (cf.
2580 4117 2747 4167 supra

520 4186 576 4236 p.
618 4169 710 4236 13)
748 4168 815 4237 by
853 4167 938 4220 the
974 4166 1155 4220 advice
1190 4165 1256 4233 of
1273 4165 1460 4233 Elvod,
1498 4167 1710 4235 bischop
1747 4169 1819 4233 of
1833 4166 1961 4221 Ban
1995 4185 2072 4234 or,
2111 4169 2205 4222 but
2228 4169 2312 4221 the
2336 4169 2485 4223 other
2509 4169 2747 4237 bischops

519 4240 612 4293 did
648 4242 743 4292 not
778 4254 976 4291 concur
1013 4238 1248 4305 mereim·
1284 4254 1354 4292 on
1388 4238 1558 4292 which
1589 4241 1816 4293 account
1839 4238 1924 4292 the
1988 4255 2161 4294 aaeons
2183 4238 2410 4294 invaded
2435 4240 2520 4294 the
2547 4241 2748 4311 Cymry

519 4310 581 4363 in
616 4309 785 4363 South
821 4307 1000 4363 Walcs
1040 4308 1144 4378 (H.
1184 4310 1295 4365 and
1330 4309 1409 4364 St.
1440 4309 1491 4376 I,
1522 4328 1582 4379 p.
1612 4312 1735 4365 204
1774 4311 2104 4367 translatum
2139 4327 2208 4365 ew
2244 4326 2483 4367 sermone
2510 4312 2743 4383 Celtico).

3007 2187 3011 2214 k

2989 2231 3011 3481 1

2987 3541 3011 3580 Q
