3025 4909
1145 198 1576 257 ...87-

200 375 432 436 etiam
476 377 671 435 minus
718 376 1133 451 cohaerebant,
1178 395 1354 452 quam
1398 375 1532 454 ipse
1568 375 1800 436 Eddius
1845 375 2091 436 censuit.
2150 376 2303 438 Nam
2350 384 2483 437 cuni

210 464 495 524 Oeadda
559 466 984 524 consecrandus
1043 466 1106 525 in
1164 465 1444 525 Cantiam
1504 466 1717 525 missus
1765 465 1865 525 ‘sit
1879 508 1895 538 ,
1968 470 2222 544 apparet
2289 484 2480 542 neque

208 553 480 614 Osviuo·
531 554 661 631 regi
719 573 911 630 neque
982 554 1057 614 iis
1073 599 1087 628 ,
1159 574 1409 630 quorum
1469 553 1725 613 consilio
1784 555 2092 627 utebatur,
2163 553 2225 611 in
2284 554 2480 613 animo

209 642 447 715 fuisse,
493 649 564 703 ut
607 642 1027 717 rescinderent,
1076 663 1227 721 quae
1272 644 1336 702 in
1382 642 1606 719 synodo
1653 643 1979 702 constituta
2008 647 2197 701 erant.
2274 642 2481 720 Neque

214 752 382 791 cum
412 732 727 790 Wilfridus
771 732 998 791 tamdiu
1043 732 1106 792 in
1140 731 1341 791 Gallia
1386 732 1777 804 moratus-sit,
1808 731 2142 790 mirandum
2173 736 2278 804 est,
2324 730 2483 808 quod

221 820 433 879 alium
479 821 791 897 eligerunt.
881 820 1174 881 Attamen
1221 841 1340 879 non
1384 841 1539 897 nego
1583 820 1905 880 verisimile
1965 823 2091 879 esse
2138 819 2482 878 Wilfridum

217 929 369 968 non
432 909 704 967 omnibus
763 909 1274 985 Nordanhymbris
1341 909 1670 986 gratiosum
1736 908 1977 983 111100ομ
2035 907 2151 967 An
2202 908 2482 968 credibile

221 1004 343 1058 est
388 1017 538 1071 eum,
599 997 704 1074 qui
751 1003 910 1056 certo
956 998 1133 1057 nimis
1178 998 1469 1075 flagrante
1515 997 1843 1076 cupiditate
1885 996 2175 1057 Romanis
2219 1003 2481 1075 cuperet,

224 1086 358 1165 qui
401 1087 529 1164 ipse
575 1086 935 1163 gloriaretur
979 1086 1041 1145 in
1087 1107 1173 1159 eo,
1222 1087 1381 1164 quod
1413 1085 1654 1166 primus
1702 1095 1846 1187 pest
1889 1083 2111 1146 obitum
2147 1084 2485 1167 pvimo‘mm

216 1193 556 1257 proceram
602 1195 643 1233 a
672 1171 826 1235 Sota.
862 1169 1148 1276 Greyon'o
1179 1174 1533 1235 directorum
1560 1173 1889 1245 mavi-sset,
1933 1183 1997 1234 ut
2028 1167 2286 1234 Scoticae
2326 1172 2480 1234 vim

230 1261 401 1323 lenta
430 1261 820 1345 plantationis
859 1262 1126 1345 yemina
1170 1262 1509 1337 eradwaret,
1542 1308 1555 1325 .
1589 1306 1602 1321 .
1633 1272 1686 1323 et
1727 1262 1907 1323 vitam
1950 1260 2370 1323 monachorum
2397 1282 2491 1322 se—

234 1352 510 1413 cundum
553 1349 816 1432 reffulam
875 1349 1002 1412 Sca·
1046 1351 1243 1434 patris
1297 1350 1631 1424 Benedidi,
1690 1371 1871 1433 quam
1918 1348 2123 1411 mullus
2168 1350 2348 1430 prior
2403 1349 2489 1410 ibi

234 1440 568 1512 invexisset,
616 1440 972 1502 constitueret
1017 1441 1248 1521 (Steph.
1294 1442 1449 1501 Edd..
1493 1441 1732 1514 XLIV,
1776 1462 1834 1519 p.
1885 1441 2039 1517 705)
2070 1474 2158 1485 --
2202 1439 2483 1500 credibile

238 1536 360 1604 est,
421 1532 691 1608 inquam,
754 1551 886 1589 eum
911 1575 921 1584 .
946 1532 1056 1591 hac
1112 1531 1243 1610 ipsa
1301 1530 1626 1609 asperitate
1685 1529 2156 1589 benevolentiam
2202 1529 2337 1588 sibi
2367 1529 2482 1587 »ad-

233 1620 513 1697 junxisse
543 1640 762 1693 eorum,
811 1621 914 1697 qui
934 1620 1058 1680 etsi
1082 1621 1336 1680 libenter
1366 1640 1498 1678 cum
1527 1619 1815 1678 Romanis
1854 1617 2177 1677 amicitiam
2200 1617 2482 1691 inierant,

243 1709 653 1786 gratissimam
701 1716 898 1768 tamen
945 1709 1271 1783 Scotorum,
1321 1708 1535 1786 quibus
1566 1706 1865 1784 magistris
1910 1706 2004 1765 usi
2035 1713 2483 1780 01001,ωοωο-

240 1798 399 1857 riam
444 1798 657 1856 merito
703 1798 1028 1858 retinerent
1042 1799 1073 1857 *Ρ

425 1886 820 1947 Nihilosecius
851 1886 1167 1946 Wilfridus
1198 1907 1352 1946 anno
1388 1887 1535 1959 669,
1566 1891 1883 1985 postquam
1916 1884 2262 1943 Theodorus
2291 1884 2483 1943 archi·

251 1975 564 2053 episcopus
610 1982 802 2035 totam
831 1975 1207 2034 Britanniam
1237 1975 1771 2053 recognoscentiam
1804 1974 2149 2032 circumiens
2183 1972 2483 2033 Oeaddam

245 2064 313 2122 in
372 2064 568 2123 sedem
627 2064 1121 2123 Licidfeldensem
1182 2064 1518 2137 transtulit,
1577 2062 1973 2123 Eboracensis
2034 2062 2189 2120 sedis
2247 2062 2484 2139 praesul

251 2154 447 2212 factus
491 2160 583 2212 est
626 2154 726 2230 (cf.
771 2153 1020 2230 Bright,
1081 2175 1139 2231 p.
1195 2155 1321 2213 226
1371 2154 1527 2229 sqq.)
1574 2152 1678 2210 sed
1738 2171 1893 2210 0000
1944 2152 2070 2208 678
2118 2150 2334 2209 iterum
2387 2171 2485 2209 ex·

245 2242 453 2319 pulsus
499 2248 592 2301 est
636 2249 699 2301 01
742 2242 1025 2301 dioecesis
1071 2245 1198 2318 ejus
1250 2242 1442 2302 divisa
1485 2241 1550 2299 in
1597 2247 1854 2318 quatuor
1904 2247 2108 2315 partes
2156 2239 2482 2314 (Hexham·

245 2330 616 2404 Lindisfarn,
645 2331 1001 2403 Eboracum,
1027 2330 1484 2407 Sidnaceaster),
1520 2330 1734 2407 quibus
1763 2334 1886 2387 tres
1918 2327 2184 2405 episcopi
2213 2327 2373 2403 iique
2398 2361 2483 2373 --·

251 2419 397 2496 quid
429 2418 642 2476 mirum
655 2419 684 2476 ⁴?
707 2455 781 2466 -—-
800 2419 1095 2496 quondam
1128 2420 1346 2478 eruditi
1368 2419 1432 2476 in
1456 2417 1828 2481 monasteriis
1851 2437 1886 2475 a
1911 2416 2103 2476 Scotis
2125 2416 2190 2474 in
2211 2415 2483 2478 Nordam

248 2508 525 2584 hymbria
572 2509 926 2567 constructis
970 2508 1300 2587 praepositi
1354 2513 1509 2566 sunt.
1601 2505 1917 2565 Wilfridus
1971 2511 2174 2564 ¹autem
2221 2505 2335 2564 etsi
2355 2504 2484 2563 ›ad-

240 2598 413 2672 jutus
459 2602 552 2653 est
596 2617 632 2654 a
675 2616 848 2674 papa,
881 2597 957 2656 ad
990 2618 1164 2674 quem
1195 2597 1505 2675 appellans
1536 2596 1899 2672 confugerat,
1929 2601 2128 2653 tamen
2160 2593 2485 2671 impetrare

245 2704 370 2742 1100
416 2684 618 2760 potuit
633 2727 647 2755 ,
709 2695 779 2743 ut
838 2685 1035 2744 sedem
1077 2691 1471 2763 recuperaret.
1562 2684 1836 2760 Denique
1882 2703 2038 2742 anno
2088 2682 2212 2741 686
2262 2682 2484 2741 auxilio

254 2770 558 2830 Theodori
572 2816 586 2844 ,
647 2790 898 2848 quocum
941 2774 1006 2830 in
1050 2775 1304 2849 gratiam
1349 2773 1638 2845 redierat,
1683 2771 2075 2831 Eboracensis
2120 2769 2279 2829 illius
2325 2770 2484 2830 dioe-

249 2880 448 2920 ceseos
508 2860 835 2938 partitione
897 2860 1158 2921 minutae
1215 2863 1527 2941 episcopus
1580 2862 1773 2921 factus
1820 2867 1937 2934 est,
2002 2860 2107 2920 sed
2151 2880 2305 2919 anno
2356 2860 2479 2918 691

248 2950 492 3009 tertium
526 2950 806 3028 expulsus
851 2970 1007 3009 anno
1038 2950 1272 3009 demum
1307 2953 1341 3008 7
1350 2950 1434 3007 05
1468 2949 1687 3008 auxilio
1715 2961 1906 3027 papae
1936 2950 2153 3008 iterum
2198 2970 2261 3008 se
2300 2949 2485 3007 inter-

250 3037 528 3117 ponentis
574 3038 887 3097 restitutus
933 3040 1036 3098 est
1070 3039 1134 3097 in
1181 3038 1376 3148 sedem
1433 3057 1598 3096 suam
1653 3038 1825 3114 eique
1880 3057 2068 3115 usque
2114 3038 2192 3096 ad
2236 3044 2487 3096 mortem

251 3128 433 3204 (709)
480 3134 770 3205 praeerat
780 3126 804 3162 ¹

427 3215 563 3273 Hae
609 3220 747 3275 sunt
792 3215 1058 3274 Wilfridi
1119 3217 1349 3275 turbae.
1438 3214 1745 3288 Quaenam
1803 3221 1978 3273 erant
2037 3212 2287 3273 causae?
2362 3212 2481 3271 Re-

251 3303 478 3364 vixitne
526 3303 930 3364 controversia
974 3304 1270 3383 paschalis
1314 3304 1376 3362 in
1424 3302 1688 3362 wilfridi
1749 3301 2038 3363 historia?
2106 3308 2176 3361 ut
2236 3301 2349 3360 hac
2409 3301 2484 3360 de

250 3413 428 3452 causa
472 3392 661 3451 Hilda
708 3393 1043 3467 abbatissa,
1101 3394 1374 3470 quaein
1420 3391 1645 3468 synodo
1683 3412 1727 3450 a
1773 3391 1968 3451 Scotis
2014 3396 2287 3463 steterat,
2344 3410 2480 3449 con·

248 3482 579 3559 spiceretur
620 3481 782 3540 inter
825 3501 944 3553 eos,
990 3481 1093 3557 qui
1135 3482 1364 3540 Romae
1397 3480 1740 3539 wilfridum
1786 3484 2225 3539 accusaverunt.
2289 3479 2481 3537 Vehe-

250 3577 485 3630 menter
528 3576 815 3644 errarent,
861 3570 965 3647 qui
990 3570 1106 3628 hoc
1134 3576 1434 3648 putarent.
1492 3570 1647 3630 Nam
1692 3587 1810 3626 una
1850 3589 1982 3628 oum
2011 3566 2198 3626 Hilda
2227 3567 2484 3643 primum

429 3728 452 3759 ²
491 3725 807 3780 Ebrardus·
825 3725 872 3778 si
907 3724 1181 3794 Stephani
1206 3724 1382 3779 Eddii
1418 3723 1594 3777 vitam
1629 3723 1885 3805 legisset,
1926 3739 2108 3792 neque
2148 3721 2486 3776 affirmasset

251 3795 581 3851 Wilfridum
609 3812 757 3851 0000
778 3795 882 3850 696
913 3799 1197 3849 mortuum
1226 3812 1346 3849 esse
1376 3811 1559 3863 neque
1581 3794 1691 3847 0110
1709 3794 1887 3848 multa
1907 3793 2238 3861 protulisset
2258 3794 2338 3861 (p.
2367 3793 2481 3863 61),

255 3883 398 3937 quae
435 3868 706 3921 historiae
744 3883 971 3949 prorsus
1018 3871 1355 3935 repugnant.
1432 3864 1546 3918 Sed
1595 3865 1791 3917 dubito
1840 3881 2026 3918 annon
2071 3864 2305 3932 legerit,
2353 3880 2483 3916 nam

251 3956 420 3992 110010
459 3940 638 3991 solam
673 3938 868 3991 inveni
904 3937 1078 3990 Eddii
1124 3937 1470 3991 mentionem
1509 3938 1589 4004 (p.
1631 3934 1762 4002 377>
1800 3951 2034 4003 eamque
2084 3936 2286 4000 talem,
2338 3950 2482 4002 quae

250 4009 511 4066 Ebrardo
547 4009 750 4063 honori
786 4025 900 4062 non
934 4009 1022 4062 sit.
1075 4007 1307 4064 Frustra
1345 4006 1495 4061 enim
1522 4006 1708 4067 Eddio
1733 4005 1906 4066 fidem
1942 4006 2214 4078 abrogare
2252 4008 2482 4059 conatus

254 4086 340 4135 est
378 4079 664 4134 affirmans
700 4079 1016 4135 Ebroinum
1052 4079 1325 4161 majorem
1370 4079 1567 4133 domus
1604 4080 1888 4134 mortuum
1927 4094 2047 4131 esse
2085 4076 2315 4145 „paullo
2353 4079 2484 4143 post

251 4151 411 4206 67366.
466 4148 633 4220 Quod
669 4151 820 4205 unde
857 4151 1112 4204 hauserit
1148 4150 1356 4214 nesci0,
1396 4166 1528 4202 0010
1567 4147 1881 4202 Ebroinum
1917 4166 2063 4203 anno
2101 4148 2200 4203 681
2242 4150 2486 4200 mortem

254 4223 459 4277 obiisse
519 4226 739 4277 constat
807 4190 1522 4289 cf.B0nne11,An'ffinge
1580 4219 1678 4273 des
1731 4219 2203 4290 karolingischen
2260 4217 2483 4272 Hauses

249 4310 304 4362 p.
345 4295 448 4350 123
487 4311 568 4363 sq.
