3025 4909
1348 183 1422 210 -.-
1527 147 1825 205 100-

464 345 561 384 me
621 324 896 400 neglecta
948 323 1205 382 Ebrardi
1264 324 1665 384 admonitione
1712 327 1792 402 (p.
1844 324 1999 400 206)
2041 325 2342 400 judicare:
2389 326 2764 385 absurdum

469 434 595 473 esse
642 418 855 489 putare
903 414 1217 472 monachos
1261 406 1538 489 unquam*
1556 415 1653 473 vel
1698 432 1948 489 usquam
1995 414 2055 471 in
2103 414 2354 473 ecclesia
2399 415 2638 474 vixisse
2677 414 2757 471 in

465 500 749 579 legitimis
781 501 1188 560 matrimoniis.
1244 501 1557 561 Scotorum
1587 523 1729 561 vero
1761 503 2077 561 monachos
2103 502 2476 579 virginitatis
2508 509 2755 562 votum

468 590 790 666 suscepisse
837 589 1009 648 testis
1049 591 1173 665 jam
1222 597 1313 649 est
1367 624 1438 634 -
1492 590 1639 649 mihi
1686 590 1926 667 quidem
1987 611 2095 649 nec
2153 592 2350 650 minus
2395 592 2516 670 ipsi
2565 592 2753 649 Loe-

464 679 669 755 ningio
718 678 830 754 (II,
876 700 935 756 p.
985 679 1141 754 426)
1191 714 1273 724 —-
1323 677 1649 738 Columbae
1704 680 1945 756 regulae
2006 687 2188 756 caput
2234 679 2330 739 VI
2377 679 2497 751 „de
2544 678 2752 739 casti-

467 774 642 838 tate“‚
691 786 826 824 nam
874 767 1070 825 verbis
1118 769 1236 826 illis
1283 766 1472 849 „quid
1526 767 1769 846 prodest
1826 766 1991 847 vic-90
2052 785 2325 846 corpore,
2386 767 2441 828 si
2482 786 2609 827 non
2661 766 2752 827 sit

466 855 631 936 viryo
677 862 904 913 mente“
952 855 1137 931 (Bibl.
1184 877 1336 914 max.
1382 856 1546 928 XII,
1591 877 1649 933 p.
1700 858 1766 933 4)
1814 854 2104 915 Columba
2160 877 2303 916 usus
2359 877 2480 915 non
2546 864 2743 928 esset,

465 945 582 1003 nisi
627 950 927 1021 sperasset
971 964 1172 1003 omnes
1217 965 1353 1004 suos
1401 946 1716 1004 monachos
1772 965 1897 1003 esse
1953 943 2200 1024 viryines
2257 963 2519 1024 empore.
2620 944 2749 1004 Se·-

466 1033 660 1093 cunda
720 1032 892 1091 testis
952 1038 1043 1091 est
1086 1053 1315 1094 summa
1374 1033 1479 1093 illa
1539 1033 1898 1107 auctoritas,
1961 1054 2079 1109 qua
2125 1032 2214 1093 St.
2261 1034 2749 1109 Hieronymum,

465 1120 833 1198 virginitatis
879 1141 1245 1198 praeconem,
1293 1122 1452 1199 apud
1501 1121 1709 1180 Scotos
1755 1121 2013 1197 viguisse
2058 1142 2243 1199 supra
2280 1124 2411 1198 jam
2456 1122 2749 1181 vidimus

468 1210 565 1287 (cf.
613 1230 795 1286 supra
842 1230 898 1286 p.
937 1211 1064 1285 94),
1110 1210 1291 1268 tertia
1322 1210 1580 1286 denique
1626 1210 1796 1268 testis
1827 1215 1956 1267 tota
1988 1209 2098 1268 Sti.
2132 1209 2460 1269 Columbae
2506 1209 2748 1287 religio

465 1300 563 1360 vel
593 1298 910 1375 theologia,
971 1298 1172 1357 Unum
1219 1297 1476 1358 sufficiat
1520 1297 1943 1357 testimonium.
2006 1297 2297 1357 Columba
2344 1300 2521 1371 enim,
2554 1307 2746 1377 post-

468 1408 647 1465 quam
694 1386 851 1460 dixit
896 1388 1012 1463 (ep.
1064 1388 1120 1458 2,
1166 1407 1224 1464 p.
1278 1388 1367 1444 26-
1409 1387 1488 1462 Β)
1537 1393 1811 1462 oportere
1857 1406 1964 1444 nos
2011 1406 2136 1445 esse
2183 1395 2396 1459 castos,
2439 1388 2746 1461 humiles,

466 1475 792 1553 placabiles
838 1474 991 1532 sicut
1035 1476 1316 1551 parvulos
1364 1474 1510 1545 „scd
1554 1472 1856 1554 complere,
1901 1474 2113 1550 inquit,
2159 1472 2300 1534 haec
2347 1475 2551 1534 omnia
2591 1496 2742 1534 mu-

466 1561 628 1624 lieres
674 1581 845 1643 saepe
890 1561 1143 1622 videntes
1189 1571 1240 1621 et
1285 1562 1442 1622 circa
1484 1560 1697 1621 mundi
1721 1559 2036 1642 fac-zdtates
2080 1562 2314 1642 saepius
2358 1562 2628 1623 ‘rixantes
2678 1572 2747 1623 et

459 1648 773 1712 'irascentes
820 1647 1159 1733 difficillime
1191 1659 1460 1729 possunt.
1526 1648 1759 1710 Idcirco
1789 1649 1975 1710 nostri
1987 1710 1996 1720 ,
2016 1649 2192 1711 semel
2235 1651 2459 1712 mundo
2506 1671 2738 1711 renun-

465 1738 677 1800 ciantes
709 1782 722 1797 .
759 1783 771 1797 .
806 1783 818 1797 .
853 1781 866 1796 .
881 1736 1130 1819 facilius
1174 1738 1384 1809 midos,
1432 1758 1613 1818 qaam
1666 1737 1869 1799 divites
1921 1758 2244 1799 sermonem
2288 1739 2521 1799 domini
2535 1760 2745 1820 posse

463 1825 749 1908 complere
795 1825 1201 1886 arbitrantur.
1236 1871 1248 1884 .
1260 1846 1280 1896 ,0
1323 1825 1522 1907 infans
1567 1824 1720 1884 enim
1763 1823 1997 1886 humilis
2043 1836 2149 1897 est,
2194 1848 2312 1887 non
2359 1825 2554 1888 laesus
2602 1847 2736 1888 me·

461 1915 646 1985 minit,
691 1934 809 1973 non
854 1912 1157 1976 mulierem
1202 1914 1402 1975 videns
1447 1912 1840 1993 concupiscit.
1969 1914 2152 1975 .inde
2191 1913 2279 1976 St.
2311 1913 2740 1999 Hieronymus

462 2002 601 2063 haec
647 2002 827 2062 sciens
859 2000 1039 2082 jussit
1083 2002 1378 2083 episcopos
1421 2001 1649 2061 imitari
1689 2000 1978 2081 apostolos
2008 2001 2322 2064 monachos
2351 2024 2487 2065 vero
2522 2005 2733 2066 docuit

460 2090 623 2174 sequi
656 2099 861 2172 patres
894 2088 1205 2171 perfectos,
1266 2092 1579 2150 Perfectus
1611 2110 1751 2167 ergo
1785 2092 1943 2151 solus
1976 2093 2316 2165 monachus,
2356 2113 2478 2153 non
2512 2113 2734 2154 omnes

464 2181 761 2260 perfectos
794 2200 920 2238 esse
961 2185 1219 2257 oportet.
1281 2178 1641 2239 Voluntaria
1673 2185 1872 2239 autem
1920 2180 2022 2239 illa
2047 2182 2434 2257 ‘perfectione
2467 2182 2731 2260 virgini-

459 2277 647 2330 tatem
696 2268 986 2327 contineri
1034 2288 1205 2327 nemo
1252 2287 1517 2346 unquam
1564 2273 1832 2326 veterum
1877 2289 1995 2326 non
2041 2269 2310 2346 putavit,
2359 2270 2729 2331 Columbam

461 2378 604 2420 vero
637 2358 699 2415 in
731 2356 934 2414 eadem
967 2356 1266 2415 sententia
1297 2356 1476 2415 fuisse
1510 2375 1578 2413 eo
1609 2355 1850 2415 meliore
1876 2360 2013 2432 jure
2043 2357 2337 2416 affirmare
2378 2379 2731 2437 possumuS,

461 2466 578 2523 quo
626 2445 997 2522 planioribus
1031 2444 1226 2504 verbis
1258 2445 1410 2503 hanc
1438 2445 1633 2521 ipsam
1665 2465 1790 2502 rem
1833 2446 2109 2522 exposuit
2138 2444 2464 2505 Aileranus
2497 2448 2732 2509 Scotus

461 2537 537 2594 ab
569 2533 699 2612 ipso
730 2532 1007 2592 Ebrardo
1039 2533 1240 2609 magni
1271 2533 1637 2604 aestimatus,
1684 2533 1789 2608 qui
1820 2532 2142 2592 Columbae
2183 2536 2307 2593 fere
2338 2536 2731 2613 temporibus

459 2624 522 2682 in
550 2622 906 2681 monasterio
932 2621 1324 2680 Clonardensi
1358 2621 1421 2677 in
1445 2620 1739 2678 Hibernia
1764 2620 1981 2679 vixisse
2016 2628 2266 2700 putatur
2290 2625 2390 2699 (cf.
2414 2624 2728 2703 Fleming,

459 2712 609 2771 Coll.
640 2734 697 2790 p.
738 2711 906 2786 183).
979 2709 1044 2767 Is
1090 2709 1247 2768 enim
1291 2709 1356 2766 in
1386 2708 1881 2786 interpretatione
1913 2711 2294 2788 genealogiae
2327 2712 2560 2773 Christi
2603 2716 2728 2774 sub

459 2820 604 2861 voce
651 2798 996 2858 Aminadab
1044 2798 1347 2874 (Fleming
1384 2798 1526 2867 189,
1572 2796 1732 2854 Bibl.
1779 2818 1933 2856 max.
1963 2798 2118 2871 XII,
2163 2821 2221 2877 p.
2256 2801 2339 2858 40
2372 2801 2487 2876 D):
2538 2822 2724 2882 spon·

458 2897 677 2957 tamem,
740 2886 961 2961 inquit,
1007 2882 1262 2946 Domini
1304 2884 1486 2944 simus
1517 2882 1782 2966 populus
1826 2930 1837 2942 .
1873 2929 1887 2943 .
1921 2930 1933 2945 .
1992 2882 2160 2947 Unde
2204 2896 2257 2947 et
2300 2886 2425 2967 ipse
2469 2890 2730 2951 veritas:

457 2975 512 3037 ci
553 2974 699 3056 quic,
745 2973 946 3054 inquit,
990 2972 1128 3045 vult,
1162 2981 1324 3053 post⁴
1350 2991 1442 3031 me
1486 2972 1695 3045 venire,
1740 2983 1792 3033 et
1836 2972 2001 3036 alibi.-
2044 2974 2099 3035 si
2125 2975 2211 3035 vis
2232 2975 2527 3058 perfectus
2574 2999 2724 3052 esse,

457 3074 510 3126 et
553 3064 763 3125 iterum
793 3063 866 3123 de
892 3061 1242 3144 ‚viryinitatis
1274 3058 1536 3122 electione
1565 3059 1808 3121 liberum
1853 3061 2084 3144 reliquit
2126 3062 2452 3137 arbitrium,
2485 3066 2726 3129 dicens:

463 3153 568 3235 qui
594 3161 788 3233 potest
835 3171 1059 3234 capere,
1109 3149 1322 3231 capiat.

538 3267 543 3272 ·
639 3242 808 3315 Quae
826 3262 958 3299 cum
982 3241 1069 3299 ita
1092 3240 1231 3311 sint,
1246 3237 1659 3312 ‚,testimonia“
1676 3239 1797 3310 illa,
1814 3260 1967 3317 quae
1982 3241 2293 3300 Ebrardus
2310 3243 2536 3320 (p.206
2550 3251 2723 3323 sqq.)
2755 3320 2760 3324 .

445 3330 670 3406 ,attulit
715 3330 793 3387 ad
841 3327 1303 3387 confirmandam
1364 3346 1533 3385 suam
1593 3327 1957 3402 opinionem,
2018 3331 2176 3390 levia
2237 3351 2352 3389 nou
2412 3352 2539 3391 esse
2590 3355 2720 3393 non

457 3422 722 3499 possunt.
816 3418 1024 3495 Neque
1072 3415 1312 3475 difficile
1360 3420 1450 3472 est
1494 3414 1606 3473 hoc
1652 3417 1976 3476 ostendere.

568 3561 571 3564 .
637 3506 908 3565 Primum
954 3504 1143 3582 igitur
1188 3503 1651 3581 vituperandum
1698 3510 1815 3577 est,
1863 3507 2021 3581 quod
2066 3506 2378 3567 Ebrardus
2425 3529 2501 3568 ex
2544 3510 2714 3585 vitis,

454 3595 693 3673 quibus,
739 3595 951 3674 utitur,
1000 3593 1060 3651 id
1109 3593 1296 3652 solum
1343 3590 1591 3669 accipit,
1653 3592 1811 3666 quod
1869 3594 2222 3671 opinionem
2252 3615 2420 3656 suam
2467 3598 2717 3672 yidetur

457 3683 820 3756 confirmare,
871 3688 1096 3753 contra,
1146 3701 1296 3759 quae
1329 3680 1490 3739 vitae
1538 3679 1744 3739 dicunt
1776 3682 2074 3740 contraria
2121 3703 2261 3742 suae
2311 3685 2594 3762 opinioni,
2627 3690 2715 3749 ab

455 3772 602 3850 ipsis
648 3771 1038 3850 scriptoribus
1087 3770 1225 3844 ficta
1272 3788 1399 3828 esse
1432 3766 1707 3827 affirmat.
1768 3769 1876 3842 At,
1919 3769 1974 3844 si
2004 3770 2309 3831 nobiscum
2340 3781 2713 3851 reputamus,

460 3861 695 3938 qualem
757 3860 1116 3920 sententiam
1177 3856 1339 3935 apud
1399 3856 1595 3932 ipsum
1643 3854 1990 3916 Columbam
2051 3858 2477 3935 invenerimus,
2537 3872 2713 3940 ‘certo

396 4011 411 4028 ἱ
454 3971 573 4008 non
633 3950 940 4021 habemuS,
997 3947 1156 4026 quod
1213 3945 1355 4006 vitis
1410 3943 1585 4001 fidem
1644 3943 1965 4021 adjungere
2020 3946 2374 4024 dubitemus.
2466 3951 2714 4029 Revera

453 4039 643 4116 igitur
689 4036 1048 4097 monasteria
1100 4041 1274 4095 erant
1320 4030 1787 4113 conyreyationes
1817 4031 2108 4114 viminum
2141 4031 2364 4095 Christi
2379 4039 2566 4116 ⁷(Jon.
2598 4042 2712 4116 vit.

452 4128 625 4186 Eust.
680 4128 777 4200 17,
823 4149 880 4205 p.
921 4127 1079 4197 1223
1131 4125 1167 4181 2
1219 4145 1275 4201 p.
1318 4123 1439 4190 117
1490 4125 1551 4178 et
1595 4120 1880 4198 saepius);
1935 4142 2125 4197 neque
2171 4129 2373 4199 potest
2406 4126 2710 4205 dubitari,

452 4216 600 4294 quin
647 4235 766 4274 non
813 4216 923 4276 soli
968 4214 1290 4292 scriptores
1324 4210 1395 4286 (J
1396 4229 1559 4281 onaS‚
1605 4208 1711 4285 vit.
1744 4208 1929 4286 Burg.
1966 4212 2022 4283 3,
2053 4211 2211 4269 Mab.
2245 4211 2331 4286 II,
2380 4235 2518 4289 ann.
2556 4219 2711 4293 655,
