<?xml version="1.0" encoding="UTF-8"?>
<!DOCTYPE html PUBLIC "-//W3C//DTD XHTML 1.0 Transitional//EN"
    "http://www.w3.org/TR/xhtml1/DTD/xhtml1-transitional.dtd">
<html xmlns="http://www.w3.org/1999/xhtml" xml:lang="en" lang="en">
 <head>
  <title>
</title>
<meta http-equiv="Content-Type" content="text/html;charset=utf-8" />
  <meta name='ocr-system' content='tesseract 3.04.00' />
  <meta name='ocr-capabilities' content='ocr_page ocr_carea ocr_par ocr_line ocrx_word'/>
</head>
<body>
  <div class='ocr_page' id='page_1' title='image "./deantiquabriton00loofgoog_0032.png"; bbox 0 0 3025 4909; ppageno 0'>
   <div class='ocr_carea' id='block_1_1' title="bbox 1440 181 1876 243">
    <p class='ocr_par' dir='ltr' id='par_1_1' title="bbox 1440 181 1876 243">
     <span class='ocr_line' id='line_1_1' title="bbox 1440 181 1876 243; baseline -0.002 -14"><span class='ocrx_word' id='word_1_1' title='bbox 1440 181 1876 243; x_wconf 85' lang='lat'>—26—</span> 
     </span>
    </p>
   </div>
   <div class='ocr_carea' id='block_1_2' title="bbox 519 360 2976 4379">
    <p class='ocr_par' dir='ltr' id='par_1_2' title="bbox 537 360 2828 623">
     <span class='ocr_line' id='line_1_2' title="bbox 537 360 2828 443; baseline -0.001 -21"><span class='ocrx_word' id='word_1_2' title='bbox 537 388 593 443; x_wconf 86' lang='lat' dir='ltr'><strong>p.</strong></span> <span class='ocrx_word' id='word_1_3' title='bbox 628 365 709 423; x_wconf 84' lang='lat'><strong>47</strong></span> <span class='ocrx_word' id='word_1_4' title='bbox 719 366 804 442; x_wconf 91' lang='lat'><strong>4)</strong></span> <span class='ocrx_word' id='word_1_5' title='bbox 866 362 984 424; x_wconf 84' lang='lat' dir='ltr'><strong>Sed</strong></span> <span class='ocrx_word' id='word_1_6' title='bbox 1032 363 1212 423; x_wconf 84' lang='lat' dir='ltr'><strong>etiam</strong></span> <span class='ocrx_word' id='word_1_7' title='bbox 1256 361 1580 424; x_wconf 84' lang='lat' dir='ltr'><strong>levioribus</strong></span> <span class='ocrx_word' id='word_1_8' title='bbox 1625 361 2026 421; x_wconf 78' lang='lat' dir='ltr'><strong>fundamentis</strong></span> <span class='ocrx_word' id='word_1_9' title='bbox 2072 361 2203 441; x_wconf 89' lang='lat' dir='ltr'><strong>ipsa</strong></span> <span class='ocrx_word' id='word_1_10' title='bbox 2233 361 2517 422; x_wconf 88' lang='lat' dir='ltr'><strong>Haddani</strong></span> <span class='ocrx_word' id='word_1_11' title='bbox 2563 360 2828 421; x_wconf 80' lang='lat' dir='ltr'><strong>nititur</strong></span> 
     </span>
     <span class='ocr_line' id='line_1_3' title="bbox 540 447 2827 533; baseline -0.002 -19"><span class='ocrx_word' id='word_1_12' title='bbox 540 454 757 533; x_wconf 90' lang='lat' dir='ltr'><strong>opinio.</strong></span> <span class='ocrx_word' id='word_1_13' title='bbox 818 453 1102 531; x_wconf 80' lang='lat' dir='ltr'>Legimus</span> <span class='ocrx_word' id='word_1_14' title='bbox 1150 453 1305 511; x_wconf 89' lang='lat' dir='ltr'><strong>enim</strong></span> <span class='ocrx_word' id='word_1_15' title='bbox 1350 452 1412 510; x_wconf 88' lang='lat' dir='ltr'><strong>in</strong></span> <span class='ocrx_word' id='word_1_16' title='bbox 1457 452 1581 512; x_wconf 90' lang='lat' dir='ltr'><strong>vita</strong></span> <span class='ocrx_word' id='word_1_17' title='bbox 1626 452 2011 529; x_wconf 84' lang='lat' dir='ltr'><strong>Kentigerni:</strong></span> <span class='ocrx_word' id='word_1_18' title='bbox 2058 470 2166 512; x_wconf 68' lang='lat' dir='ltr'><strong>reat</strong></span> <span class='ocrx_word' id='word_1_19' title='bbox 2210 459 2262 511; x_wconf 78' lang='lat' dir='ltr'><strong>et</strong></span> <span class='ocrx_word' id='word_1_20' title='bbox 2305 447 2490 512; x_wconf 71' lang='lat' dir='ltr'><strong>clem</strong></span> <span class='ocrx_word' id='word_1_21' title='bbox 2533 448 2827 533; x_wconf 69' lang='lat' dir='ltr'><strong>reqionis</strong></span> 
     </span>
     <span class='ocr_line' id='line_1_4' title="bbox 544 536 2825 623; baseline -0.002 -19"><span class='ocrx_word' id='word_1_22' title='bbox 544 540 960 605; x_wconf 73' lang='lat' dir='ltr'><strong>Cambrensis.</strong></span> <span class='ocrx_word' id='word_1_23' title='bbox 1090 540 1313 602; x_wconf 78' lang='lat' dir='ltr'><strong>.accito</strong></span> <span class='ocrx_word' id='word_1_24' title='bbox 1353 540 1426 602; x_wconf 78' lang='lat' dir='ltr'><strong>de</strong></span> <span class='ocrx_word' id='word_1_25' title='bbox 1455 538 1748 601; x_wconf 70' lang='lat' dir='ltr'><strong>Hibernia</strong></span> <span class='ocrx_word' id='word_1_26' title='bbox 1791 561 1908 601; x_wconf 83' lang='lat' dir='ltr'><strong>uno</strong></span> <span class='ocrx_word' id='word_1_27' title='bbox 1956 539 2223 623; x_wconf 73' lang='lat' dir='ltr'><strong>episcopo</strong></span> <span class='ocrx_word' id='word_1_28' title='bbox 2266 560 2428 601; x_wconf 77' lang='lat' dir='ltr'><strong>more</strong></span> <span class='ocrx_word' id='word_1_29' title='bbox 2457 536 2825 601; x_wconf 76' lang='lat' dir='ltr'><strong>Britonmn</strong></span> 
     </span>
    </p>

    <p class='ocr_par' dir='ltr' id='par_1_3' title="bbox 519 628 2976 3753">
     <span class='ocr_line' id='line_1_5' title="bbox 540 628 2819 712; baseline -0.002 -18"><span class='ocrx_word' id='word_1_30' title='bbox 540 642 591 694; x_wconf 80' lang='lat' dir='ltr'><strong>et</strong></span> <span class='ocrx_word' id='word_1_31' title='bbox 637 630 948 694; x_wconf 75' lang='lat' dir='ltr'><em>Scotorum</em></span> <span class='ocrx_word' id='word_1_32' title='bbox 991 631 1055 692; x_wconf 74' lang='lat' dir='ltr'><strong>in</strong></span> <span class='ocrx_word' id='word_1_33' title='bbox 1098 630 1431 712; x_wconf 73' lang='lat' dir='ltr'><strong>episcopum</strong></span> <span class='ocrx_word' id='word_1_34' title='bbox 1474 630 1670 712; x_wconf 73' lang='lat' dir='ltr'><strong>ipsum</strong></span> <span class='ocrx_word' id='word_1_35' title='bbox 1714 632 2205 709; x_wconf 84' lang='lat' dir='ltr'><strong>(Kentigernum)</strong></span> <span class='ocrx_word' id='word_1_36' title='bbox 2251 628 2582 691; x_wconf 61' lang='lat' dir='ltr'><strong>consecravi</strong></span> <span class='ocrx_word' id='word_1_37' title='bbox 2624 628 2819 712; x_wconf 79' lang='lat' dir='ltr'><strong>fece-</strong></span> 
     </span>
     <span class='ocr_line' id='line_1_6' title="bbox 538 717 2813 800; baseline -0.001 -17"><span class='ocrx_word' id='word_1_38' title='bbox 538 731 691 783; x_wconf 75' lang='lat' dir='ltr'><strong>runt.</strong></span> <span class='ocrx_word' id='word_1_39' title='bbox 786 718 922 783; x_wconf 77' lang='lat' dir='ltr'><strong>Mos</strong></span> <span class='ocrx_word' id='word_1_40' title='bbox 978 721 1133 782; x_wconf 82' lang='lat' dir='ltr'><strong>enim</strong></span> <span class='ocrx_word' id='word_1_41' title='bbox 1183 719 1246 780; x_wconf 80' lang='lat' dir='ltr'><strong>in</strong></span> <span class='ocrx_word' id='word_1_42' title='bbox 1290 718 1617 780; x_wconf 74' lang='lat' dir='ltr'><strong>Britamzia</strong></span> <span class='ocrx_word' id='word_1_43' title='bbox 1660 717 1970 782; x_wconf 79' lang='lat' dir='ltr'><strong>inoleverat</strong></span> <span class='ocrx_word' id='word_1_44' title='bbox 2022 719 2084 780; x_wconf 82' lang='lat' dir='ltr'><strong>in</strong></span> <span class='ocrx_word' id='word_1_45' title='bbox 2129 718 2548 781; x_wconf 74' lang='lat' dir='ltr'><strong>consecratione</strong></span> <span class='ocrx_word' id='word_1_46' title='bbox 2579 717 2813 800; x_wconf 77' lang='lat' dir='ltr'><strong>ponti·</strong></span> 
     </span>
     <span class='ocr_line' id='line_1_7' title="bbox 519 807 2813 898; baseline -0.002 -25"><span class='ocrx_word' id='word_1_47' title='bbox 519 813 713 898; x_wconf 84' lang='lat' dir='ltr'><strong>ficum</strong></span> <span class='ocrx_word' id='word_1_48' title='bbox 757 810 1159 872; x_wconf 72' lang='lat' dir='ltr'><strong>tamummodo</strong></span> <span class='ocrx_word' id='word_1_49' title='bbox 1207 809 1401 893; x_wconf 78' lang='lat' dir='ltr'><strong>capita</strong></span> <span class='ocrx_word' id='word_1_50' title='bbox 1445 828 1646 870; x_wconf 78' lang='lat' dir='ltr'><strong>eorum</strong></span> <span class='ocrx_word' id='word_1_51' title='bbox 1688 808 1846 870; x_wconf 74' lang='lat' dir='ltr'><strong>sacri</strong></span> <span class='ocrx_word' id='word_1_52' title='bbox 1886 807 2210 870; x_wconf 69' lang='lat' dir='ltr'><strong>clm’smatis</strong></span> <span class='ocrx_word' id='word_1_53' title='bbox 2239 807 2524 893; x_wconf 68' lang='lat' dir='ltr'><strong>infusiovae</strong></span> <span class='ocrx_word' id='word_1_54' title='bbox 2557 829 2813 889; x_wconf 74' lang='lat' dir='ltr'><strong>peran-</strong></span> 
     </span>
     <span class='ocr_line' id='line_1_8' title="bbox 535 899 2976 984; baseline -0.002 -22"><span class='ocrx_word' id='word_1_55' title='bbox 535 921 669 984; x_wconf 78' lang='lat' dir='ltr'><strong>9ere</strong></span> <span class='ocrx_word' id='word_1_56' title='bbox 702 946 715 961; x_wconf 90' lang='lat'><strong>.</strong></span> <span class='ocrx_word' id='word_1_57' title='bbox 748 946 760 960; x_wconf 92' lang='lat'><strong>.</strong></span> <span class='ocrx_word' id='word_1_58' title='bbox 794 946 807 960; x_wconf 92' lang='lat'><strong>.</strong></span> <span class='ocrx_word' id='word_1_59' title='bbox 841 902 945 977; x_wconf 85' lang='lat' dir='ltr'><strong>(H.</strong></span> <span class='ocrx_word' id='word_1_60' title='bbox 981 902 1097 960; x_wconf 85' lang='lat' dir='ltr'><strong>and</strong></span> <span class='ocrx_word' id='word_1_61' title='bbox 1130 900 1218 960; x_wconf 82' lang='lat' dir='ltr'><strong>St.</strong></span> <span class='ocrx_word' id='word_1_62' title='bbox 1249 899 1301 973; x_wconf 89' lang='lat' dir='ltr'><strong>I,</strong></span> <span class='ocrx_word' id='word_1_63' title='bbox 1347 922 1404 978; x_wconf 90' lang='lat' dir='ltr'><strong>p.</strong></span> <span class='ocrx_word' id='word_1_64' title='bbox 1444 900 1613 976; x_wconf 88' lang='lat'>155).</span> <span class='ocrx_word' id='word_1_65' title='bbox 1706 900 1822 974; x_wconf 75' lang='lat' dir='ltr'><strong>Qui</strong></span> <span class='ocrx_word' id='word_1_66' title='bbox 1868 901 2030 959; x_wconf 87' lang='lat' dir='ltr'><strong>locus</strong></span> <span class='ocrx_word' id='word_1_67' title='bbox 2077 900 2221 978; x_wconf 87' lang='lat' dir='ltr'><strong>quid</strong></span> <span class='ocrx_word' id='word_1_68' title='bbox 2267 900 2385 959; x_wconf 83' lang='lat' dir='ltr'>sibi</span> <span class='ocrx_word' id='word_1_69' title='bbox 2428 899 2612 959; x_wconf 86' lang='lat' dir='ltr'><strong>vellet</strong></span> <span class='ocrx_word' id='word_1_70' title='bbox 2662 900 2812 959; x_wconf 87' lang='lat' dir='ltr'><strong>sine</strong></span> <span class='ocrx_word' id='word_1_71' title='bbox 2975 941 2976 946; x_wconf 19' lang='grc' dir='ltr'><strong>κ</strong></span> 
     </span>
     <span class='ocr_line' id='line_1_9' title="bbox 541 988 2812 1068; baseline -0 -17"><span class='ocrx_word' id='word_1_72' title='bbox 541 992 719 1051; x_wconf 92' lang='lat' dir='ltr'><strong>dubio</strong></span> <span class='ocrx_word' id='word_1_73' title='bbox 781 997 940 1050; x_wconf 89' lang='lat' dir='ltr'><strong>recte</strong></span> <span class='ocrx_word' id='word_1_74' title='bbox 1000 990 1428 1068; x_wconf 86' lang='lat' dir='ltr'><strong>interpretatus</strong></span> <span class='ocrx_word' id='word_1_75' title='bbox 1489 995 1581 1049; x_wconf 91' lang='lat' dir='ltr'><strong>est</strong></span> <span class='ocrx_word' id='word_1_76' title='bbox 1639 989 1767 1066; x_wconf 89' lang='lat' dir='ltr'><strong>ipse</strong></span> <span class='ocrx_word' id='word_1_77' title='bbox 1827 988 2158 1049; x_wconf 87' lang='lat' dir='ltr'><strong>Haddanus</strong></span> <span class='ocrx_word' id='word_1_78' title='bbox 2229 989 2491 1049; x_wconf 89' lang='lat' dir='ltr'><strong>scribens</strong></span> <span class='ocrx_word' id='word_1_79' title='bbox 2558 1007 2812 1050; x_wconf 71' lang='lat' dir='ltr'><strong>morem</strong></span> 
     </span>
     <span class='ocr_line' id='line_1_10' title="bbox 540 1079 2810 1158; baseline -0.002 -17"><span class='ocrx_word' id='word_1_80' title='bbox 540 1082 707 1141; x_wconf 91' lang='lat' dir='ltr'><strong>illum</strong></span> <span class='ocrx_word' id='word_1_81' title='bbox 754 1079 942 1140; x_wconf 83' lang='lat' dir='ltr'><strong>videri</strong></span> <span class='ocrx_word' id='word_1_82' title='bbox 996 1079 1457 1157; x_wconf 86' lang='lat' dir='ltr'><strong>intellegendum</strong></span> <span class='ocrx_word' id='word_1_83' title='bbox 1511 1099 1637 1138; x_wconf 89' lang='lat' dir='ltr'><strong>esse</strong></span> <span class='ocrx_word' id='word_1_84' title='bbox 1694 1079 2102 1138; x_wconf 91' lang='lat' dir='ltr'><strong>tantummodo</strong></span> <span class='ocrx_word' id='word_1_85' title='bbox 2156 1079 2512 1158; x_wconf 80' lang='lat' dir='ltr'><strong>peculiarem</strong></span> <span class='ocrx_word' id='word_1_86' title='bbox 2529 1122 2544 1152; x_wconf 90' lang='lat'><strong>,</strong></span> <span class='ocrx_word' id='word_1_87' title='bbox 2617 1082 2810 1156; x_wconf 87' lang='lat' dir='ltr'><strong>cujus</strong></span> 
     </span>
     <span class='ocr_line' id='line_1_11' title="bbox 542 1168 2806 1246; baseline -0.002 -15"><span class='ocrx_word' id='word_1_88' title='bbox 542 1171 669 1231; x_wconf 87' lang='lat' dir='ltr'><strong>vita</strong></span> <span class='ocrx_word' id='word_1_89' title='bbox 716 1169 1076 1229; x_wconf 73' lang='lat' dir='ltr'><strong>mentionem</strong></span> <span class='ocrx_word' id='word_1_90' title='bbox 1132 1169 1303 1243; x_wconf 85' lang='lat' dir='ltr'><strong>facit,</strong></span> <span class='ocrx_word' id='word_1_91' title='bbox 1362 1168 1665 1246; x_wconf 85' lang='lat' dir='ltr'><strong>unguendi</strong></span> <span class='ocrx_word' id='word_1_92' title='bbox 1718 1169 2023 1228; x_wconf 87' lang='lat' dir='ltr'><strong>rationem.</strong></span> <span class='ocrx_word' id='word_1_93' title='bbox 2116 1170 2283 1244; x_wconf 74' lang='lat' dir='ltr'><strong>Quae</strong></span> <span class='ocrx_word' id='word_1_94' title='bbox 2331 1189 2464 1228; x_wconf 91' lang='lat' dir='ltr'><strong>cum</strong></span> <span class='ocrx_word' id='word_1_95' title='bbox 2508 1169 2598 1228; x_wconf 86' lang='lat' dir='ltr'><strong>ita</strong></span> <span class='ocrx_word' id='word_1_96' title='bbox 2646 1168 2806 1241; x_wconf 84' lang='lat' dir='ltr'><strong>sint,</strong></span> 
     </span>
     <span class='ocr_line' id='line_1_12' title="bbox 546 1258 2804 1339; baseline -0 -21"><span class='ocrx_word' id='word_1_97' title='bbox 546 1260 689 1339; x_wconf 91' lang='lat' dir='ltr'><strong>quin</strong></span> <span class='ocrx_word' id='word_1_98' title='bbox 724 1259 903 1318; x_wconf 89' lang='lat' dir='ltr'><strong>etiam</strong></span> <span class='ocrx_word' id='word_1_99' title='bbox 935 1280 1063 1318; x_wconf 87' lang='lat' dir='ltr'><strong>cum</strong></span> <span class='ocrx_word' id='word_1_100' title='bbox 1098 1258 1247 1318; x_wconf 87' lang='lat' dir='ltr'><strong>falsa</strong></span> <span class='ocrx_word' id='word_1_101' title='bbox 1279 1259 1415 1333; x_wconf 90' lang='lat' dir='ltr'><strong>sint,</strong></span> <span class='ocrx_word' id='word_1_102' title='bbox 1464 1278 1616 1336; x_wconf 87' lang='lat' dir='ltr'><strong>quae</strong></span> <span class='ocrx_word' id='word_1_103' title='bbox 1646 1258 1771 1319; x_wconf 84' lang='lat' dir='ltr'><strong>vita</strong></span> <span class='ocrx_word' id='word_1_104' title='bbox 1810 1259 2041 1336; x_wconf 90' lang='lat' dir='ltr'><strong>profert</strong></span> <span class='ocrx_word' id='word_1_105' title='bbox 2084 1259 2158 1318; x_wconf 89' lang='lat' dir='ltr'><strong>de</strong></span> <span class='ocrx_word' id='word_1_106' title='bbox 2203 1258 2506 1336; x_wconf 82' lang='lat' dir='ltr'><strong>unguendi</strong></span> <span class='ocrx_word' id='word_1_107' title='bbox 2551 1258 2804 1317; x_wconf 85' lang='lat' dir='ltr'><strong>ratione</strong></span> 
     </span>
     <span class='ocr_line' id='line_1_13' title="bbox 543 1346 2800 1430; baseline -0.001 -21"><span class='ocrx_word' id='word_1_108' title='bbox 543 1350 703 1430; x_wconf 86' lang='lat' dir='ltr'><strong>apud</strong></span> <span class='ocrx_word' id='word_1_109' title='bbox 735 1349 1012 1408; x_wconf 88' lang='lat' dir='ltr'><strong>Britones</strong></span> <span class='ocrx_word' id='word_1_110' title='bbox 1043 1348 1268 1407; x_wconf 88' lang='lat' dir='ltr'><strong>usitata</strong></span> <span class='ocrx_word' id='word_1_111' title='bbox 1316 1348 1456 1425; x_wconf 88' lang='lat' dir='ltr'><strong>(vid.</strong></span> <span class='ocrx_word' id='word_1_112' title='bbox 1491 1368 1670 1426; x_wconf 85' lang='lat' dir='ltr'><strong>supra</strong></span> <span class='ocrx_word' id='word_1_113' title='bbox 1702 1370 1759 1426; x_wconf 90' lang='lat' dir='ltr'><strong>p.</strong></span> <span class='ocrx_word' id='word_1_114' title='bbox 1796 1348 1904 1425; x_wconf 85' lang='grc'><strong>25)</strong></span> <span class='ocrx_word' id='word_1_115' title='bbox 1953 1346 2197 1407; x_wconf 91' lang='lat' dir='ltr'><strong>dubium</strong></span> <span class='ocrx_word' id='word_1_116' title='bbox 2244 1369 2370 1408; x_wconf 84' lang='lat' dir='ltr'><strong>esse</strong></span> <span class='ocrx_word' id='word_1_117' title='bbox 2416 1367 2534 1406; x_wconf 89' lang='lat' dir='ltr'><strong>non</strong></span> <span class='ocrx_word' id='word_1_118' title='bbox 2565 1353 2800 1427; x_wconf 85' lang='lat' dir='ltr'><strong>potest,</strong></span> 
     </span>
     <span class='ocr_line' id='line_1_14' title="bbox 544 1438 2826 1516; baseline -0.001 -18"><span class='ocrx_word' id='word_1_119' title='bbox 544 1440 684 1516; x_wconf 91' lang='lat' dir='ltr'><strong>quin</strong></span> <span class='ocrx_word' id='word_1_120' title='bbox 731 1439 892 1499; x_wconf 87' lang='lat' dir='ltr'><strong>vitae</strong></span> <span class='ocrx_word' id='word_1_121' title='bbox 936 1438 1112 1515; x_wconf 87' lang='lat' dir='ltr'><strong>hujus</strong></span> <span class='ocrx_word' id='word_1_122' title='bbox 1158 1438 1387 1498; x_wconf 87' lang='lat' dir='ltr'><strong>auctori</strong></span> <span class='ocrx_word' id='word_1_123' title='bbox 1432 1458 1724 1514; x_wconf 80' lang='lat' dir='ltr'><strong>anonymo</strong></span> <span class='ocrx_word' id='word_1_124' title='bbox 1735 1482 1749 1512; x_wconf 91' lang='lat'><strong>,</strong></span> <span class='ocrx_word' id='word_1_125' title='bbox 1814 1456 1987 1515; x_wconf 91' lang='lat' dir='ltr'><strong>quem</strong></span> <span class='ocrx_word' id='word_1_126' title='bbox 2042 1444 2291 1498; x_wconf 82' lang='lat' dir='ltr'><strong>exeunte</strong></span> <span class='ocrx_word' id='word_1_127' title='bbox 2348 1438 2580 1497; x_wconf 89' lang='lat' dir='ltr'><strong>saeculo</strong></span> <span class='ocrx_word' id='word_1_128' title='bbox 2640 1438 2826 1497; x_wconf 78' lang='lat' dir='ltr'><strong>duo·›</strong></span> 
     </span>
     <span class='ocr_line' id='line_1_15' title="bbox 543 1527 2796 1607; baseline -0.001 -19"><span class='ocrx_word' id='word_1_129' title='bbox 543 1530 770 1589; x_wconf 89' lang='lat' dir='ltr'><strong>decimo</strong></span> <span class='ocrx_word' id='word_1_130' title='bbox 816 1527 1073 1607; x_wconf 87' lang='lat' dir='ltr'><strong>priorem</strong></span> <span class='ocrx_word' id='word_1_131' title='bbox 1130 1548 1248 1586; x_wconf 90' lang='lat' dir='ltr'><strong>non</strong></span> <span class='ocrx_word' id='word_1_132' title='bbox 1306 1548 1429 1587; x_wconf 89' lang='lat' dir='ltr'><strong>esse</strong></span> <span class='ocrx_word' id='word_1_133' title='bbox 1475 1532 1733 1600; x_wconf 86' lang='lat' dir='ltr'><strong>constat,</strong></span> <span class='ocrx_word' id='word_1_134' title='bbox 1794 1527 2031 1586; x_wconf 90' lang='lat' dir='ltr'><strong>omnino</strong></span> <span class='ocrx_word' id='word_1_135' title='bbox 2085 1528 2232 1587; x_wconf 92' lang='lat' dir='ltr'><strong>fides</strong></span> <span class='ocrx_word' id='word_1_136' title='bbox 2287 1527 2635 1604; x_wconf 85' lang='lat' dir='ltr'><strong>deneganda</strong></span> <span class='ocrx_word' id='word_1_137' title='bbox 2692 1527 2796 1587; x_wconf 86' lang='lat' dir='ltr'><strong>sit.</strong></span> 
     </span>
     <span class='ocr_line' id='line_1_16' title="bbox 545 1616 2790 1695; baseline -0 -18"><span class='ocrx_word' id='word_1_138' title='bbox 545 1619 769 1678; x_wconf 85' lang='lat' dir='ltr'><strong>Tamen</strong></span> <span class='ocrx_word' id='word_1_139' title='bbox 814 1618 1172 1689; x_wconf 87' lang='lat' dir='ltr'><strong>Haddanus‚</strong></span> <span class='ocrx_word' id='word_1_140' title='bbox 1236 1618 1376 1694; x_wconf 90' lang='lat' dir='ltr'><strong>quia</strong></span> <span class='ocrx_word' id='word_1_141' title='bbox 1431 1617 1504 1675; x_wconf 90' lang='lat' dir='ltr'><strong>de</strong></span> <span class='ocrx_word' id='word_1_142' title='bbox 1561 1616 1850 1695; x_wconf 86' lang='lat' dir='ltr'><strong>episcopis</strong></span> <span class='ocrx_word' id='word_1_143' title='bbox 1904 1637 2013 1694; x_wconf 92' lang='lat' dir='ltr'><strong>per</strong></span> <span class='ocrx_word' id='word_1_144' title='bbox 2056 1637 2237 1675; x_wconf 91' lang='lat' dir='ltr'><strong>unum</strong></span> <span class='ocrx_word' id='word_1_145' title='bbox 2284 1618 2536 1676; x_wconf 89' lang='lat' dir='ltr'><strong>alterum</strong></span> <span class='ocrx_word' id='word_1_146' title='bbox 2583 1637 2790 1677; x_wconf 85' lang='lat' dir='ltr'><strong>eonse-</strong></span> 
     </span>
     <span class='ocr_line' id='line_1_17' title="bbox 543 1705 2794 1785; baseline -0.001 -17"><span class='ocrx_word' id='word_1_147' title='bbox 543 1708 725 1768; x_wconf 86' lang='lat' dir='ltr'><strong>cratis</strong></span> <span class='ocrx_word' id='word_1_148' title='bbox 783 1707 846 1766; x_wconf 91' lang='lat' dir='ltr'><strong>in</strong></span> <span class='ocrx_word' id='word_1_149' title='bbox 909 1707 1038 1766; x_wconf 89' lang='lat' dir='ltr'><strong>aliis</strong></span> <span class='ocrx_word' id='word_1_150' title='bbox 1101 1727 1334 1785; x_wconf 89' lang='lat' dir='ltr'><strong>quoque</strong></span> <span class='ocrx_word' id='word_1_151' title='bbox 1399 1707 1541 1766; x_wconf 86' lang='lat' dir='ltr'><strong>vitis</strong></span> <span class='ocrx_word' id='word_1_152' title='bbox 1598 1705 1949 1766; x_wconf 85' lang='lat' dir='ltr'><strong>Sanctorum</strong></span> <span class='ocrx_word' id='word_1_153' title='bbox 2008 1706 2352 1780; x_wconf 90' lang='lat' dir='ltr'><strong>Britonum,</strong></span> <span class='ocrx_word' id='word_1_154' title='bbox 2422 1713 2621 1766; x_wconf 89' lang='lat' dir='ltr'><strong>aetate</strong></span> <span class='ocrx_word' id='word_1_155' title='bbox 2681 1706 2794 1766; x_wconf 90' lang='lat' dir='ltr'><strong>illa</strong></span> 
     </span>
     <span class='ocr_line' id='line_1_18' title="bbox 543 1795 2792 1875; baseline -0.001 -18"><span class='ocrx_word' id='word_1_156' title='bbox 543 1797 905 1875; x_wconf 86' lang='lat' dir='ltr'><strong>Kentigerni</strong></span> <span class='ocrx_word' id='word_1_157' title='bbox 950 1818 1070 1856; x_wconf 89' lang='lat' dir='ltr'><strong>non</strong></span> <span class='ocrx_word' id='word_1_158' title='bbox 1116 1796 1559 1869; x_wconf 86' lang='lat' dir='ltr'><strong>vetustioribus,</strong></span> <span class='ocrx_word' id='word_1_159' title='bbox 1604 1796 1674 1855; x_wconf 88' lang='lat' dir='ltr'><strong>fit</strong></span> <span class='ocrx_word' id='word_1_160' title='bbox 1720 1796 1943 1855; x_wconf 89' lang='lat' dir='ltr'><strong>mentio</strong></span> <span class='ocrx_word' id='word_1_161' title='bbox 1990 1802 2050 1854; x_wconf 87' lang='lat' dir='ltr'><strong>et</strong></span> <span class='ocrx_word' id='word_1_162' title='bbox 2097 1795 2237 1874; x_wconf 91' lang='lat' dir='ltr'><strong>quia</strong></span> <span class='ocrx_word' id='word_1_163' title='bbox 2282 1802 2516 1856; x_wconf 90' lang='lat' dir='ltr'><strong>constat</strong></span> <span class='ocrx_word' id='word_1_164' title='bbox 2559 1816 2792 1855; x_wconf 88' lang='lat' dir='ltr'><strong>morem</strong></span> 
     </span>
     <span class='ocr_line' id='line_1_19' title="bbox 543 1886 2791 1964; baseline -0.001 -17"><span class='ocrx_word' id='word_1_165' title='bbox 543 1890 711 1947; x_wconf 89' lang='lat' dir='ltr'><strong>illum</strong></span> <span class='ocrx_word' id='word_1_166' title='bbox 767 1887 1001 1949; x_wconf 85' lang='lat' dir='ltr'><strong>saeculo</strong></span> <span class='ocrx_word' id='word_1_167' title='bbox 1057 1886 1365 1946; x_wconf 90' lang='lat' dir='ltr'><strong>undecimo</strong></span> <span class='ocrx_word' id='word_1_168' title='bbox 1421 1886 1484 1945; x_wconf 89' lang='lat' dir='ltr'><strong>in</strong></span> <span class='ocrx_word' id='word_1_169' title='bbox 1538 1886 1833 1945; x_wconf 81' lang='lat' dir='ltr'><strong>Hibernia</strong></span> <span class='ocrx_word' id='word_1_170' title='bbox 1888 1886 1950 1944; x_wconf 90' lang='lat' dir='ltr'><strong>in</strong></span> <span class='ocrx_word' id='word_1_171' title='bbox 2005 1906 2116 1946; x_wconf 89' lang='lat' dir='ltr'><strong>usu</strong></span> <span class='ocrx_word' id='word_1_172' title='bbox 2178 1886 2387 1960; x_wconf 87' lang='lat' dir='ltr'><strong>fuisse,</strong></span> <span class='ocrx_word' id='word_1_173' title='bbox 2456 1906 2564 1964; x_wconf 92' lang='lat' dir='ltr'><strong>pro</strong></span> <span class='ocrx_word' id='word_1_174' title='bbox 2623 1891 2791 1945; x_wconf 85' lang='lat' dir='ltr'><strong>certo</strong></span> 
     </span>
     <span class='ocr_line' id='line_1_20' title="bbox 543 1975 2791 2055; baseline -0.001 -18"><span class='ocrx_word' id='word_1_175' title='bbox 543 1977 781 2038; x_wconf 85' lang='lat' dir='ltr'><strong>videtur</strong></span> <span class='ocrx_word' id='word_1_176' title='bbox 827 1997 952 2035; x_wconf 89' lang='lat' dir='ltr'><strong>rem</strong></span> <span class='ocrx_word' id='word_1_177' title='bbox 998 1975 1235 2035; x_wconf 87' lang='lat' dir='ltr'><strong>habere.</strong></span> <span class='ocrx_word' id='word_1_178' title='bbox 1313 1975 1512 2053; x_wconf 90' lang='lat' dir='ltr'><strong>Atqui</strong></span> <span class='ocrx_word' id='word_1_179' title='bbox 1560 1996 1629 2035; x_wconf 88' lang='lat' dir='ltr'><strong>ea</strong></span> <span class='ocrx_word' id='word_1_180' title='bbox 1673 1975 1804 2053; x_wconf 89' lang='lat' dir='ltr'><strong>ipsa</strong></span> <span class='ocrx_word' id='word_1_181' title='bbox 1849 1995 1930 2047; x_wconf 91' lang='lat' dir='ltr'><strong>re,</strong></span> <span class='ocrx_word' id='word_1_182' title='bbox 1979 1976 2137 2052; x_wconf 87' lang='lat' dir='ltr'><strong>quod</strong></span> <span class='ocrx_word' id='word_1_183' title='bbox 2182 1975 2564 2055; x_wconf 78' lang='lat' dir='ltr'><strong>scriptorum·</strong></span> <span class='ocrx_word' id='word_1_184' title='bbox 2586 1982 2791 2036; x_wconf 86' lang='lat' dir='ltr'><strong>aetate</strong></span> 
     </span>
     <span class='ocr_line' id='line_1_21' title="bbox 544 2063 2790 2143; baseline -0 -18"><span class='ocrx_word' id='word_1_185' title='bbox 544 2065 821 2138; x_wconf 88' lang='lat' dir='ltr'><strong>Hiberni,</strong></span> <span class='ocrx_word' id='word_1_186' title='bbox 871 2065 1219 2143; x_wconf 81' lang='lat' dir='ltr'><strong>quibuscum</strong></span> <span class='ocrx_word' id='word_1_187' title='bbox 1251 2066 1377 2125; x_wconf 87' lang='lat' dir='ltr'><strong>vita</strong></span> <span class='ocrx_word' id='word_1_188' title='bbox 1409 2064 1769 2142; x_wconf 86' lang='lat' dir='ltr'><strong>Kentigerni</strong></span> <span class='ocrx_word' id='word_1_189' title='bbox 1801 2063 2080 2124; x_wconf 87' lang='lat' dir='ltr'><strong>Britones</strong></span> <span class='ocrx_word' id='word_1_190' title='bbox 2126 2065 2463 2142; x_wconf 84' lang='lat' dir='ltr'><strong>congruisse</strong></span> <span class='ocrx_word' id='word_1_191' title='bbox 2510 2064 2790 2138; x_wconf 88' lang='lat' dir='ltr'><strong>affirmat,</strong></span> 
     </span>
     <span class='ocr_line' id='line_1_22' title="bbox 543 2154 2790 2232; baseline 0 -18"><span class='ocrx_word' id='word_1_192' title='bbox 543 2157 651 2214; x_wconf 91' lang='lat' dir='ltr'><strong>illo</strong></span> <span class='ocrx_word' id='word_1_193' title='bbox 698 2175 858 2213; x_wconf 89' lang='lat' dir='ltr'><strong>more</strong></span> <span class='ocrx_word' id='word_1_194' title='bbox 904 2156 1246 2227; x_wconf 87' lang='lat' dir='ltr'><strong>utebantur,</strong></span> <span class='ocrx_word' id='word_1_195' title='bbox 1291 2154 1437 2213; x_wconf 89' lang='lat' dir='ltr'><strong>fides</strong></span> <span class='ocrx_word' id='word_1_196' title='bbox 1483 2155 1808 2231; x_wconf 83' lang='lat' dir='ltr'><strong>abrogatur</strong></span> <span class='ocrx_word' id='word_1_197' title='bbox 1853 2154 2255 2231; x_wconf 76' lang='lat' dir='ltr'><strong>scriptoribus.</strong></span> <span class='ocrx_word' id='word_1_198' title='bbox 2316 2154 2505 2232; x_wconf 86' lang='lat' dir='ltr'><strong>Apud</strong></span> <span class='ocrx_word' id='word_1_199' title='bbox 2551 2161 2790 2215; x_wconf 84' lang='lat' dir='ltr'><strong>veteres</strong></span> 
     </span>
     <span class='ocr_line' id='line_1_23' title="bbox 546 2243 2789 2323; baseline -0.001 -18"><span class='ocrx_word' id='word_1_200' title='bbox 546 2245 860 2323; x_wconf 88' lang='lat' dir='ltr'><strong>scriptores</strong></span> <span class='ocrx_word' id='word_1_201' title='bbox 907 2245 1072 2303; x_wconf 91' lang='lat' dir='ltr'><strong>nulla</strong></span> <span class='ocrx_word' id='word_1_202' title='bbox 1120 2251 1315 2304; x_wconf 86' lang='lat' dir='ltr'><strong>exstat</strong></span> <span class='ocrx_word' id='word_1_203' title='bbox 1359 2244 1537 2321; x_wconf 87' lang='lat' dir='ltr'><strong>hujus</strong></span> <span class='ocrx_word' id='word_1_204' title='bbox 1583 2243 1763 2303; x_wconf 89' lang='lat' dir='ltr'><strong>moris</strong></span> <span class='ocrx_word' id='word_1_205' title='bbox 1809 2244 2048 2302; x_wconf 87' lang='lat' dir='ltr'><strong>mentio.</strong></span> <span class='ocrx_word' id='word_1_206' title='bbox 2125 2244 2222 2302; x_wconf 84' lang='lat' dir='ltr'><strong>Ex</strong></span> <span class='ocrx_word' id='word_1_207' title='bbox 2267 2245 2592 2315; x_wconf 88' lang='lat' dir='ltr'><strong>contrario,</strong></span> <span class='ocrx_word' id='word_1_208' title='bbox 2640 2244 2789 2303; x_wconf 85' lang='lat' dir='ltr'><strong>Vini</strong></span> 
     </span>
     <span class='ocr_line' id='line_1_24' title="bbox 545 2333 2787 2412; baseline -0.001 -18"><span class='ocrx_word' id='word_1_209' title='bbox 545 2335 881 2412; x_wconf 88' lang='lat' dir='ltr'><strong>episcopum</strong></span> <span class='ocrx_word' id='word_1_210' title='bbox 929 2355 1082 2393; x_wconf 88' lang='lat' dir='ltr'><strong>anno</strong></span> <span class='ocrx_word' id='word_1_211' title='bbox 1134 2334 1261 2392; x_wconf 87' lang='grc'><strong>665</strong></span> <span class='ocrx_word' id='word_1_212' title='bbox 1311 2333 1612 2393; x_wconf 84' lang='lat' dir='ltr'><strong>Ceaddam</strong></span> <span class='ocrx_word' id='word_1_213' title='bbox 1659 2353 2025 2393; x_wconf 79' lang='lat' dir='ltr'><strong>consecrasse</strong></span> <span class='ocrx_word' id='word_1_214' title='bbox 2071 2334 2255 2393; x_wconf 87' lang='lat' dir='ltr'><strong>refert</strong></span> <span class='ocrx_word' id='word_1_215' title='bbox 2301 2333 2467 2392; x_wconf 88' lang='lat' dir='ltr'><strong>Beda</strong></span> <span class='ocrx_word' id='word_1_216' title='bbox 2516 2335 2594 2410; x_wconf 93' lang='lat' dir='ltr'><strong>(h.</strong></span> <span class='ocrx_word' id='word_1_217' title='bbox 2629 2355 2677 2393; x_wconf 91' lang='lat' dir='ltr'><strong>e.</strong></span> <span class='ocrx_word' id='word_1_218' title='bbox 2726 2335 2787 2406; x_wconf 87' lang='lat'><strong>3,</strong></span> 
     </span>
     <span class='ocr_line' id='line_1_25' title="bbox 549 2420 2784 2502; baseline 0 -20"><span class='ocrx_word' id='word_1_219' title='bbox 549 2425 631 2482; x_wconf 84' lang='lat'><strong>28</strong></span> <span class='ocrx_word' id='word_1_220' title='bbox 682 2424 716 2501; x_wconf 64' lang='grc' dir='ltr'>ξ</span> <span class='ocrx_word' id='word_1_221' title='bbox 767 2424 893 2482; x_wconf 86' lang='grc'><strong>243</strong></span> <span class='ocrx_word' id='word_1_222' title='bbox 943 2423 1016 2482; x_wconf 92' lang='lat' dir='ltr'><strong>de</strong></span> <span class='ocrx_word' id='word_1_223' title='bbox 1061 2423 1192 2501; x_wconf 90' lang='lat' dir='ltr'><strong>ipsa</strong></span> <span class='ocrx_word' id='word_1_224' title='bbox 1238 2444 1301 2481; x_wconf 90' lang='lat' dir='ltr'><strong>re</strong></span> <span class='ocrx_word' id='word_1_225' title='bbox 1350 2423 1468 2483; x_wconf 83' lang='lat' dir='ltr'><strong>vid.</strong></span> <span class='ocrx_word' id='word_1_226' title='bbox 1517 2423 1696 2499; x_wconf 86' lang='lat' dir='ltr'><strong>infra)</strong></span> <span class='ocrx_word' id='word_1_227' title='bbox 1757 2420 2113 2502; x_wconf 72' lang='lat' dir='ltr'><strong>„assumptis</strong></span> <span class='ocrx_word' id='word_1_228' title='bbox 2156 2421 2218 2482; x_wconf 82' lang='lat' dir='ltr'><strong>in</strong></span> <span class='ocrx_word' id='word_1_229' title='bbox 2262 2421 2584 2483; x_wconf 75' lang='lat' dir='ltr'><strong>societatem</strong></span> <span class='ocrx_word' id='word_1_230' title='bbox 2628 2421 2784 2483; x_wconf 78' lang='lat' dir='ltr'><strong>ordi-</strong></span> 
     </span>
     <span class='ocr_line' id='line_1_26' title="bbox 544 2508 2787 2592; baseline -0 -19"><span class='ocrx_word' id='word_1_231' title='bbox 544 2511 794 2573; x_wconf 74' lang='lat' dir='ltr'><strong>nationis</strong></span> <span class='ocrx_word' id='word_1_232' title='bbox 853 2510 1075 2573; x_wconf 80' lang='lat' dir='ltr'><strong>duobus</strong></span> <span class='ocrx_word' id='word_1_233' title='bbox 1138 2511 1211 2572; x_wconf 84' lang='lat' dir='ltr'><strong>de</strong></span> <span class='ocrx_word' id='word_1_234' title='bbox 1255 2508 1576 2573; x_wconf 74' lang='lat' dir='ltr'><strong>Britonum</strong></span> <span class='ocrx_word' id='word_1_235' title='bbox 1629 2521 1793 2592; x_wconf 71' lang='lat' dir='ltr'><strong>qente</strong></span> <span class='ocrx_word' id='word_1_236' title='bbox 1850 2510 2189 2592; x_wconf 44' lang='lat' dir='ltr'><strong>episcopis&amp;</strong></span> <span class='ocrx_word' id='word_1_237' title='bbox 2281 2512 2438 2572; x_wconf 87' lang='lat' dir='ltr'><strong>Num</strong></span> <span class='ocrx_word' id='word_1_238' title='bbox 2486 2513 2787 2573; x_wconf 88' lang='lat' dir='ltr'><strong>venissent</strong></span> 
     </span>
     <span class='ocr_line' id='line_1_27' title="bbox 544 2601 2784 2680; baseline 0 -19"><span class='ocrx_word' id='word_1_239' title='bbox 544 2603 634 2662; x_wconf 89' lang='lat' dir='ltr'><strong>illi</strong></span> <span class='ocrx_word' id='word_1_240' title='bbox 692 2601 1011 2662; x_wconf 91' lang='lat' dir='ltr'><strong>Britonum</strong></span> <span class='ocrx_word' id='word_1_241' title='bbox 1072 2601 1355 2679; x_wconf 89' lang='lat' dir='ltr'><strong>episcopi,</strong></span> <span class='ocrx_word' id='word_1_242' title='bbox 1426 2603 1476 2660; x_wconf 91' lang='lat' dir='ltr'><strong>si</strong></span> <span class='ocrx_word' id='word_1_243' title='bbox 1536 2601 1653 2680; x_wconf 91' lang='lat' dir='ltr'><strong>ipsi</strong></span> <span class='ocrx_word' id='word_1_244' title='bbox 1712 2606 2022 2679; x_wconf 89' lang='lat' dir='ltr'><strong>putassent</strong></span> <span class='ocrx_word' id='word_1_245' title='bbox 2076 2621 2195 2660; x_wconf 90' lang='lat' dir='ltr'><strong>non</strong></span> <span class='ocrx_word' id='word_1_246' title='bbox 2254 2608 2527 2679; x_wconf 82' lang='lat' dir='ltr'><strong>oportere</strong></span> <span class='ocrx_word' id='word_1_247' title='bbox 2582 2602 2784 2662; x_wconf 88' lang='lat' dir='ltr'><strong>adesse</strong></span> 
     </span>
     <span class='ocr_line' id='line_1_28' title="bbox 548 2690 2785 2770; baseline -0 -18"><span class='ocrx_word' id='word_1_248' title='bbox 548 2691 974 2752; x_wconf 89' lang='lat' dir='ltr'><strong>consecrationi</strong></span> <span class='ocrx_word' id='word_1_249' title='bbox 1026 2691 1172 2750; x_wconf 91' lang='lat' dir='ltr'><strong>alios</strong></span> <span class='ocrx_word' id='word_1_250' title='bbox 1234 2690 1543 2770; x_wconf 89' lang='lat' dir='ltr'><strong>episcopos</strong></span> <span class='ocrx_word' id='word_1_251' title='bbox 1602 2697 1842 2770; x_wconf 89' lang='lat' dir='ltr'><strong>praeter</strong></span> <span class='ocrx_word' id='word_1_252' title='bbox 1900 2690 2096 2768; x_wconf 90' lang='lat' dir='ltr'><strong>ipsum</strong></span> <span class='ocrx_word' id='word_1_253' title='bbox 2150 2698 2588 2751; x_wconf 89' lang='lat' dir='ltr'><strong>consecrantem</strong></span> <span class='ocrx_word' id='word_1_254' title='bbox 2605 2691 2634 2750; x_wconf 79' lang='lat'><strong>⁴?</strong></span> <span class='ocrx_word' id='word_1_255' title='bbox 2701 2691 2785 2751; x_wconf 86' lang='lat' dir='ltr'><strong>Et</strong></span> 
     </span>
     <span class='ocr_line' id='line_1_29' title="bbox 553 2780 2781 2860; baseline -0 -18"><span class='ocrx_word' id='word_1_256' title='bbox 553 2782 856 2860; x_wconf 87' lang='lat' dir='ltr'><strong>complura</strong></span> <span class='ocrx_word' id='word_1_257' title='bbox 890 2785 1128 2840; x_wconf 84' lang='lat' dir='ltr'><strong>exstant</strong></span> <span class='ocrx_word' id='word_1_258' title='bbox 1172 2780 1529 2854; x_wconf 89' lang='lat' dir='ltr'><strong>testimonia,</strong></span> <span class='ocrx_word' id='word_1_259' title='bbox 1579 2800 1729 2858; x_wconf 90' lang='lat' dir='ltr'><strong>quae</strong></span> <span class='ocrx_word' id='word_1_260' title='bbox 1760 2780 2045 2839; x_wconf 88' lang='lat' dir='ltr'><strong>Haddani</strong></span> <span class='ocrx_word' id='word_1_261' title='bbox 2076 2781 2403 2841; x_wconf 89' lang='lat' dir='ltr'><strong>sententiae</strong></span> <span class='ocrx_word' id='word_1_262' title='bbox 2435 2787 2781 2860; x_wconf 87' lang='lat' dir='ltr'><strong>repugnent,</strong></span> 
     </span>
     <span class='ocr_line' id='line_1_30' title="bbox 550 2869 2780 2954; baseline 0 -24"><span class='ocrx_word' id='word_1_263' title='bbox 550 2872 652 2954; x_wconf 76' lang='lat' dir='ltr'><strong>sed</strong></span> <span class='ocrx_word' id='word_1_264' title='bbox 699 2891 829 2930; x_wconf 86' lang='lat' dir='ltr'><strong>cum</strong></span> <span class='ocrx_word' id='word_1_265' title='bbox 871 2869 1188 2930; x_wconf 90' lang='lat' dir='ltr'><strong>Britonum</strong></span> <span class='ocrx_word' id='word_1_266' title='bbox 1235 2870 1409 2929; x_wconf 89' lang='lat' dir='ltr'><strong>simul</strong></span> <span class='ocrx_word' id='word_1_267' title='bbox 1455 2876 1515 2929; x_wconf 89' lang='lat' dir='ltr'><strong>et</strong></span> <span class='ocrx_word' id='word_1_268' title='bbox 1562 2869 1871 2929; x_wconf 85' lang='lat' dir='ltr'><strong>Scotorum</strong></span> <span class='ocrx_word' id='word_1_269' title='bbox 1918 2870 2208 2929; x_wconf 89' lang='lat' dir='ltr'><strong>rationem</strong></span> <span class='ocrx_word' id='word_1_270' title='bbox 2254 2871 2531 2945; x_wconf 87' lang='lat' dir='ltr'><strong>habeant,</strong></span> <span class='ocrx_word' id='word_1_271' title='bbox 2578 2871 2650 2930; x_wconf 87' lang='lat' dir='ltr'><strong>de</strong></span> <span class='ocrx_word' id='word_1_272' title='bbox 2693 2871 2780 2930; x_wconf 91' lang='lat' dir='ltr'><strong>his</strong></span> 
     </span>
     <span class='ocr_line' id='line_1_31' title="bbox 549 2959 2778 3037; baseline -0 -18"><span class='ocrx_word' id='word_1_273' title='bbox 549 2960 757 3019; x_wconf 90' lang='lat' dir='ltr'><strong>melius</strong></span> <span class='ocrx_word' id='word_1_274' title='bbox 803 2960 958 3018; x_wconf 87' lang='lat' dir='ltr'><strong>infra</strong></span> <span class='ocrx_word' id='word_1_275' title='bbox 1004 2965 1232 3037; x_wconf 85' lang='lat' dir='ltr'><strong>agetur.</strong></span> <span class='ocrx_word' id='word_1_276' title='bbox 1324 2960 1459 3018; x_wconf 88' lang='lat' dir='ltr'><strong>Hoc</strong></span> <span class='ocrx_word' id='word_1_277' title='bbox 1515 2961 1644 3019; x_wconf 90' lang='lat' dir='ltr'><strong>loco</strong></span> <span class='ocrx_word' id='word_1_278' title='bbox 1701 2959 1846 3019; x_wconf 88' lang='lat' dir='ltr'><strong>satis</strong></span> <span class='ocrx_word' id='word_1_279' title='bbox 1901 2960 1980 3019; x_wconf 88' lang='lat' dir='ltr'><strong>sit</strong></span> <span class='ocrx_word' id='word_1_280' title='bbox 2036 2981 2516 3020; x_wconf 87' lang='lat' dir='ltr'><strong>commemorasse</strong></span> <span class='ocrx_word' id='word_1_281' title='bbox 2561 2961 2778 3019; x_wconf 90' lang='lat' dir='ltr'><strong>nullum</strong></span> 
     </span>
     <span class='ocr_line' id='line_1_32' title="bbox 550 3048 2775 3129; baseline -0.001 -19"><span class='ocrx_word' id='word_1_282' title='bbox 550 3056 782 3110; x_wconf 84' lang='lat' dir='ltr'><strong>exstare</strong></span> <span class='ocrx_word' id='word_1_283' title='bbox 814 3054 1040 3109; x_wconf 87' lang='lat' dir='ltr'><strong>certum</strong></span> <span class='ocrx_word' id='word_1_284' title='bbox 1070 3049 1245 3126; x_wconf 83' lang='lat' dir='ltr'><strong>hujus</strong></span> <span class='ocrx_word' id='word_1_285' title='bbox 1276 3049 1364 3108; x_wconf 90' lang='lat' dir='ltr'><strong>rei</strong></span> <span class='ocrx_word' id='word_1_286' title='bbox 1395 3048 1818 3109; x_wconf 88' lang='lat' dir='ltr'><strong>testimonium.</strong></span> <span class='ocrx_word' id='word_1_287' title='bbox 1880 3048 1984 3108; x_wconf 91' lang='lat' dir='ltr'><strong>An</strong></span> <span class='ocrx_word' id='word_1_288' title='bbox 2016 3049 2353 3109; x_wconf 91' lang='lat' dir='ltr'><strong>testimonio</strong></span> <span class='ocrx_word' id='word_1_289' title='bbox 2400 3071 2526 3109; x_wconf 90' lang='lat' dir='ltr'><strong>esse</strong></span> <span class='ocrx_word' id='word_1_290' title='bbox 2572 3057 2775 3129; x_wconf 86' lang='lat' dir='ltr'><strong>potest,</strong></span> 
     </span>
     <span class='ocr_line' id='line_1_33' title="bbox 551 3138 2776 3219; baseline -0 -21"><span class='ocrx_word' id='word_1_291' title='bbox 551 3139 709 3219; x_wconf 92' lang='lat' dir='ltr'><strong>quod</strong></span> <span class='ocrx_word' id='word_1_292' title='bbox 769 3139 938 3198; x_wconf 83' lang='lat' dir='ltr'><strong>Beda</strong></span> <span class='ocrx_word' id='word_1_293' title='bbox 1000 3139 1062 3213; x_wconf 93' lang='grc'><strong>(1.</strong></span> <span class='ocrx_word' id='word_1_294' title='bbox 1109 3142 1183 3215; x_wconf 89' lang='lat' dir='ltr'><strong>c.)</strong></span> <span class='ocrx_word' id='word_1_295' title='bbox 1239 3138 1506 3217; x_wconf 86' lang='lat' dir='ltr'><strong>prodidit</strong></span> <span class='ocrx_word' id='word_1_296' title='bbox 1552 3158 1707 3197; x_wconf 91' lang='lat' dir='ltr'><strong>anno</strong></span> <span class='ocrx_word' id='word_1_297' title='bbox 1758 3139 1884 3197; x_wconf 87' lang='lat'><strong>665</strong></span> <span class='ocrx_word' id='word_1_298' title='bbox 1932 3145 2170 3216; x_wconf 88' lang='lat' dir='ltr'><strong>praeter</strong></span> <span class='ocrx_word' id='word_1_299' title='bbox 2216 3139 2387 3212; x_wconf 86' lang='lat' dir='ltr'><strong>Vini,</strong></span> <span class='ocrx_word' id='word_1_300' title='bbox 2448 3139 2776 3218; x_wconf 89' lang='lat' dir='ltr'><strong>episcopum</strong></span> 
     </span>
     <span class='ocr_line' id='line_1_34' title="bbox 551 3227 2773 3304; baseline -0.001 -14"><span class='ocrx_word' id='word_1_301' title='bbox 551 3229 1018 3290; x_wconf 89' lang='lat' dir='ltr'><strong>Occidentalium</strong></span> <span class='ocrx_word' id='word_1_302' title='bbox 1050 3227 1365 3302; x_wconf 85' lang='lat' dir='ltr'><strong>Saxonum,</strong></span> <span class='ocrx_word' id='word_1_303' title='bbox 1415 3231 1501 3304; x_wconf 91' lang='lat' dir='ltr'><strong>(et</strong></span> <span class='ocrx_word' id='word_1_304' title='bbox 1538 3227 1907 3287; x_wconf 87' lang='lat' dir='ltr'><strong>Bonifatium</strong></span> <span class='ocrx_word' id='word_1_305' title='bbox 1938 3229 2405 3287; x_wconf 91' lang='lat' dir='ltr'><strong>Domnocensem</strong></span> <span class='ocrx_word' id='word_1_306' title='bbox 2437 3229 2493 3287; x_wconf 92' lang='lat' dir='ltr'><strong>h.</strong></span> <span class='ocrx_word' id='word_1_307' title='bbox 2526 3250 2575 3287; x_wconf 89' lang='lat' dir='ltr'><strong>e.</strong></span> <span class='ocrx_word' id='word_1_308' title='bbox 2611 3230 2665 3302; x_wconf 87' lang='lat'><strong>3,</strong></span> <span class='ocrx_word' id='word_1_309' title='bbox 2698 3229 2773 3287; x_wconf 90' lang='grc'><strong>20</strong></span> 
     </span>
     <span class='ocr_line' id='line_1_35' title="bbox 550 3316 2775 3397; baseline 0.001 -22"><span class='ocrx_word' id='word_1_310' title='bbox 550 3320 584 3397; x_wconf 64' lang='grc' dir='ltr'>ξ</span> <span class='ocrx_word' id='word_1_311' title='bbox 634 3319 779 3390; x_wconf 83' lang='grc'>209,</span> <span class='ocrx_word' id='word_1_312' title='bbox 828 3322 996 3394; x_wconf 88' lang='lat' dir='ltr'><strong>cujus</strong></span> <span class='ocrx_word' id='word_1_313' title='bbox 1043 3318 1263 3378; x_wconf 92' lang='lat' dir='ltr'><strong>oblitus</strong></span> <span class='ocrx_word' id='word_1_314' title='bbox 1309 3321 1399 3376; x_wconf 91' lang='lat' dir='ltr'><strong>est</strong></span> <span class='ocrx_word' id='word_1_315' title='bbox 1443 3316 1555 3376; x_wconf 90' lang='lat' dir='ltr'><strong>hoc</strong></span> <span class='ocrx_word' id='word_1_316' title='bbox 1601 3319 1728 3376; x_wconf 88' lang='lat' dir='ltr'><strong>loco</strong></span> <span class='ocrx_word' id='word_1_317' title='bbox 1760 3352 1846 3361; x_wconf 90' lang='lat'><strong>-—</strong></span> <span class='ocrx_word' id='word_1_318' title='bbox 1880 3318 1949 3376; x_wconf 89' lang='lat' dir='ltr'><strong>cf.</strong></span> <span class='ocrx_word' id='word_1_319' title='bbox 1982 3317 2218 3394; x_wconf 88' lang='lat' dir='ltr'><strong>Bright‚</strong></span> <span class='ocrx_word' id='word_1_320' title='bbox 2265 3340 2320 3396; x_wconf 89' lang='lat' dir='ltr'><strong>p.</strong></span> <span class='ocrx_word' id='word_1_321' title='bbox 2359 3318 2513 3395; x_wconf 88' lang='grc'>212)</span> <span class='ocrx_word' id='word_1_322' title='bbox 2563 3319 2775 3377; x_wconf 90' lang='lat' dir='ltr'><strong>nullum</strong></span> 
     </span>
     <span class='ocr_line' id='line_1_36' title="bbox 549 3406 2773 3486; baseline -0 -19"><span class='ocrx_word' id='word_1_323' title='bbox 549 3408 726 3467; x_wconf 89' lang='lat' dir='ltr'><strong>fuisse</strong></span> <span class='ocrx_word' id='word_1_324' title='bbox 797 3407 858 3466; x_wconf 91' lang='lat' dir='ltr'><strong>in</strong></span> <span class='ocrx_word' id='word_1_325' title='bbox 924 3406 1242 3465; x_wconf 83' lang='lat' dir='ltr'><strong>Britannia</strong></span> <span class='ocrx_word' id='word_1_326' title='bbox 1312 3407 1653 3486; x_wconf 85' lang='lat' dir='ltr'><strong>episcopum</strong></span> <span class='ocrx_word' id='word_1_327' title='bbox 1722 3406 1998 3466; x_wconf 87' lang='lat' dir='ltr'><strong>canonice</strong></span> <span class='ocrx_word' id='word_1_328' title='bbox 2068 3406 2452 3473; x_wconf 61' lang='lat' dir='ltr'><strong>ordinatum?</strong></span> <span class='ocrx_word' id='word_1_329' title='bbox 2527 3407 2773 3466; x_wconf 86' lang='lat' dir='ltr'><strong>Minime.</strong></span> 
     </span>
     <span class='ocr_line' id='line_1_37' title="bbox 549 3496 2774 3570; baseline -0.001 -13"><span class='ocrx_word' id='word_1_330' title='bbox 549 3499 703 3558; x_wconf 90' lang='lat' dir='ltr'><strong>Nam</strong></span> <span class='ocrx_word' id='word_1_331' title='bbox 750 3496 996 3555; x_wconf 90' lang='lat' dir='ltr'><strong>dubium</strong></span> <span class='ocrx_word' id='word_1_332' title='bbox 1052 3501 1166 3570; x_wconf 87' lang='lat' dir='ltr'><strong>est,</strong></span> <span class='ocrx_word' id='word_1_333' title='bbox 1230 3516 1305 3554; x_wconf 92' lang='lat' dir='ltr'><strong>an</strong></span> <span class='ocrx_word' id='word_1_334' title='bbox 1353 3497 1463 3555; x_wconf 90' lang='lat' dir='ltr'><strong>hoc</strong></span> <span class='ocrx_word' id='word_1_335' title='bbox 1507 3497 1635 3556; x_wconf 91' lang='lat' dir='ltr'><strong>loco</strong></span> <span class='ocrx_word' id='word_1_336' title='bbox 1681 3496 2001 3555; x_wconf 87' lang='lat' dir='ltr'><strong>Britonum</strong></span> <span class='ocrx_word' id='word_1_337' title='bbox 2049 3496 2285 3556; x_wconf 88' lang='lat' dir='ltr'><strong>omnino</strong></span> <span class='ocrx_word' id='word_1_338' title='bbox 2332 3517 2453 3556; x_wconf 90' lang='lat' dir='ltr'><strong>non</strong></span> <span class='ocrx_word' id='word_1_339' title='bbox 2496 3497 2774 3556; x_wconf 89' lang='lat' dir='ltr'><strong>rationem</strong></span> 
     </span>
     <span class='ocr_line' id='line_1_38' title="bbox 552 3585 2774 3659; baseline -0 -13"><span class='ocrx_word' id='word_1_340' title='bbox 552 3586 852 3659; x_wconf 87' lang='lat' dir='ltr'><strong>habuerit,</strong></span> <span class='ocrx_word' id='word_1_341' title='bbox 901 3586 993 3645; x_wconf 89' lang='lat' dir='ltr'><strong>sin</strong></span> <span class='ocrx_word' id='word_1_342' title='bbox 1042 3585 1241 3658; x_wconf 88' lang='lat' dir='ltr'><strong>aliter,</strong></span> <span class='ocrx_word' id='word_1_343' title='bbox 1303 3585 1528 3646; x_wconf 90' lang='lat' dir='ltr'><strong>rituum</strong></span> <span class='ocrx_word' id='word_1_344' title='bbox 1574 3587 1650 3646; x_wconf 93' lang='lat' dir='ltr'><strong>ob</strong></span> <span class='ocrx_word' id='word_1_345' title='bbox 1697 3586 2105 3646; x_wconf 83' lang='lat' dir='ltr'><strong>diversitatem</strong></span> <span class='ocrx_word' id='word_1_346' title='bbox 2151 3586 2378 3645; x_wconf 87' lang='lat' dir='ltr'><strong>Bedam</strong></span> <span class='ocrx_word' id='word_1_347' title='bbox 2423 3586 2544 3646; x_wconf 87' lang='lat' dir='ltr'><strong>illis</strong></span> <span class='ocrx_word' id='word_1_348' title='bbox 2589 3586 2774 3646; x_wconf 84' lang='lat' dir='ltr'><strong>verbis</strong></span> 
     </span>
     <span class='ocr_line' id='line_1_39' title="bbox 551 3682 1230 3753; baseline -0.001 -19"><span class='ocrx_word' id='word_1_349' title='bbox 551 3696 722 3736; x_wconf 87' lang='lat' dir='ltr'><strong>usum</strong></span> <span class='ocrx_word' id='word_1_350' title='bbox 768 3695 894 3735; x_wconf 90' lang='lat' dir='ltr'><strong>esse</strong></span> <span class='ocrx_word' id='word_1_351' title='bbox 939 3682 1230 3753; x_wconf 90' lang='lat' dir='ltr'><strong>putarem.</strong></span> 
     </span>
    </p>

    <p class='ocr_par' dir='ltr' id='par_1_4' title="bbox 549 3762 2772 4379">
     <span class='ocr_line' id='line_1_40' title="bbox 729 3762 2772 3842; baseline 0 -20"><span class='ocrx_word' id='word_1_352' title='bbox 729 3764 978 3840; x_wconf 85' lang='lat' dir='ltr'><strong>Rejeeta</strong></span> <span class='ocrx_word' id='word_1_353' title='bbox 1036 3764 1224 3842; x_wconf 84' lang='lat' dir='ltr'><strong>igitur</strong></span> <span class='ocrx_word' id='word_1_354' title='bbox 1265 3762 1553 3823; x_wconf 89' lang='lat' dir='ltr'><strong>Haddani</strong></span> <span class='ocrx_word' id='word_1_355' title='bbox 1611 3762 1906 3823; x_wconf 89' lang='lat' dir='ltr'><strong>sententia</strong></span> <span class='ocrx_word' id='word_1_356' title='bbox 1958 3769 2190 3824; x_wconf 87' lang='lat' dir='ltr'><strong>restant</strong></span> <span class='ocrx_word' id='word_1_357' title='bbox 2248 3765 2458 3840; x_wconf 89' lang='lat' dir='ltr'><strong>quinto</strong></span> <span class='ocrx_word' id='word_1_358' title='bbox 2513 3770 2575 3823; x_wconf 90' lang='lat' dir='ltr'><strong>et</strong></span> <span class='ocrx_word' id='word_1_359' title='bbox 2620 3770 2772 3823; x_wconf 87' lang='lat' dir='ltr'><strong>sexto</strong></span> 
     </span>
     <span class='ocr_line' id='line_1_41' title="bbox 551 3852 2772 3932; baseline -0.001 -19"><span class='ocrx_word' id='word_1_360' title='bbox 551 3854 897 3913; x_wconf 88' lang='lat' dir='ltr'><strong>numerandi</strong></span> <span class='ocrx_word' id='word_1_361' title='bbox 945 3854 1073 3912; x_wconf 86' lang='lat' dir='ltr'><strong>loc-o</strong></span> <span class='ocrx_word' id='word_1_362' title='bbox 1120 3853 1435 3932; x_wconf 89' lang='lat' dir='ltr'><strong>peculiaris</strong></span> <span class='ocrx_word' id='word_1_363' title='bbox 1466 3874 1593 3913; x_wconf 89' lang='lat' dir='ltr'><strong>mos</strong></span> <span class='ocrx_word' id='word_1_364' title='bbox 1625 3852 2003 3912; x_wconf 88' lang='lat' dir='ltr'><strong>consecrandi</strong></span> <span class='ocrx_word' id='word_1_365' title='bbox 2036 3853 2309 3913; x_wconf 88' lang='lat' dir='ltr'><strong>ecclesias</strong></span> <span class='ocrx_word' id='word_1_366' title='bbox 2341 3860 2402 3913; x_wconf 91' lang='lat' dir='ltr'><strong>et</strong></span> <span class='ocrx_word' id='word_1_367' title='bbox 2432 3853 2772 3913; x_wconf 84' lang='lat' dir='ltr'><strong>monasteria</strong></span> 
     </span>
     <span class='ocr_line' id='line_1_42' title="bbox 551 3941 2772 4022; baseline -0.001 -19"><span class='ocrx_word' id='word_1_368' title='bbox 551 3950 611 4003; x_wconf 90' lang='lat' dir='ltr'><strong>et</strong></span> <span class='ocrx_word' id='word_1_369' title='bbox 662 3944 993 4022; x_wconf 90' lang='lat' dir='ltr'><strong>peculiares</strong></span> <span class='ocrx_word' id='word_1_370' title='bbox 1038 3943 1190 4003; x_wconf 91' lang='lat' dir='ltr'><strong>ritus</strong></span> <span class='ocrx_word' id='word_1_371' title='bbox 1238 3943 1299 4001; x_wconf 91' lang='lat' dir='ltr'><strong>in</strong></span> <span class='ocrx_word' id='word_1_372' title='bbox 1348 3942 1699 4002; x_wconf 90' lang='lat' dir='ltr'><strong>celebranda</strong></span> <span class='ocrx_word' id='word_1_373' title='bbox 1746 3941 2118 4001; x_wconf 89' lang='lat' dir='ltr'><strong>eucharistia.</strong></span> <span class='ocrx_word' id='word_1_374' title='bbox 2194 3945 2288 4003; x_wconf 92' lang='lat' dir='ltr'><strong>De</strong></span> <span class='ocrx_word' id='word_1_375' title='bbox 2336 3944 2553 4019; x_wconf 87' lang='lat' dir='ltr'><strong>quibus</strong></span> <span class='ocrx_word' id='word_1_376' title='bbox 2598 3963 2772 4021; x_wconf 89' lang='lat' dir='ltr'><strong>pauca</strong></span> 
     </span>
     <span class='ocr_line' id='line_1_43' title="bbox 550 4031 2768 4110; baseline -0.002 -16"><span class='ocrx_word' id='word_1_377' title='bbox 550 4034 862 4094; x_wconf 87' lang='lat' dir='ltr'><strong>sufficiant.</strong></span> <span class='ocrx_word' id='word_1_378' title='bbox 953 4033 1235 4091; x_wconf 89' lang='lat' dir='ltr'><strong>Britones</strong></span> <span class='ocrx_word' id='word_1_379' title='bbox 1282 4032 1462 4104; x_wconf 88' lang='lat' dir='ltr'><strong>enim,</strong></span> <span class='ocrx_word' id='word_1_380' title='bbox 1521 4032 1810 4092; x_wconf 87' lang='lat' dir='ltr'><strong>secundae</strong></span> <span class='ocrx_word' id='word_1_381' title='bbox 1856 4031 2095 4108; x_wconf 87' lang='lat' dir='ltr'><strong>quidem</strong></span> <span class='ocrx_word' id='word_1_382' title='bbox 2140 4040 2203 4093; x_wconf 90' lang='lat' dir='ltr'><strong>et</strong></span> <span class='ocrx_word' id='word_1_383' title='bbox 2247 4033 2460 4092; x_wconf 89' lang='lat' dir='ltr'><strong>tertiae</strong></span> <span class='ocrx_word' id='word_1_384' title='bbox 2507 4053 2653 4110; x_wconf 86' lang='lat' dir='ltr'><strong>quas</strong></span> <span class='ocrx_word' id='word_1_385' title='bbox 2693 4032 2768 4091; x_wconf 90' lang='lat' dir='ltr'><strong>di·</strong></span> 
     </span>
     <span class='ocr_line' id='line_1_44' title="bbox 549 4121 2770 4200; baseline -0.001 -18"><span class='ocrx_word' id='word_1_386' title='bbox 549 4122 861 4183; x_wconf 83' lang='lat' dir='ltr'><strong>stinximus</strong></span> <span class='ocrx_word' id='word_1_387' title='bbox 907 4128 1188 4195; x_wconf 87' lang='lat' dir='ltr'><strong>aetatum,</strong></span> <span class='ocrx_word' id='word_1_388' title='bbox 1235 4142 1352 4180; x_wconf 90' lang='lat' dir='ltr'><strong>non</strong></span> <span class='ocrx_word' id='word_1_389' title='bbox 1398 4121 1643 4200; x_wconf 87' lang='lat' dir='ltr'><strong>primae,</strong></span> <span class='ocrx_word' id='word_1_390' title='bbox 1691 4121 1964 4181; x_wconf 86' lang='lat' dir='ltr'><strong>ecclesias</strong></span> <span class='ocrx_word' id='word_1_391' title='bbox 2010 4128 2071 4180; x_wconf 89' lang='lat' dir='ltr'><strong>et</strong></span> <span class='ocrx_word' id='word_1_392' title='bbox 2116 4122 2471 4180; x_wconf 88' lang='lat' dir='ltr'><strong>monasteria</strong></span> <span class='ocrx_word' id='word_1_393' title='bbox 2512 4122 2770 4182; x_wconf 83' lang='lat' dir='ltr'><strong>videntur</strong></span> 
     </span>
     <span class='ocr_line' id='line_1_45' title="bbox 551 4211 2768 4289; baseline -0.001 -18"><span class='ocrx_word' id='word_1_394' title='bbox 551 4232 919 4272; x_wconf 86' lang='lat' dir='ltr'><strong>consecrasse</strong></span> <span class='ocrx_word' id='word_1_395' title='bbox 974 4213 1320 4289; x_wconf 91' lang='lat' dir='ltr'><strong>plerumque</strong></span> <span class='ocrx_word' id='word_1_396' title='bbox 1376 4231 1492 4270; x_wconf 90' lang='lat' dir='ltr'><strong>non</strong></span> <span class='ocrx_word' id='word_1_397' title='bbox 1540 4211 1649 4271; x_wconf 91' lang='lat' dir='ltr'><strong>sub</strong></span> <span class='ocrx_word' id='word_1_398' title='bbox 1696 4212 1931 4270; x_wconf 90' lang='lat' dir='ltr'><strong>nomine</strong></span> <span class='ocrx_word' id='word_1_399' title='bbox 1979 4211 2387 4270; x_wconf 86' lang='lat' dir='ltr'><strong>defunctorum</strong></span> <span class='ocrx_word' id='word_1_400' title='bbox 2434 4217 2768 4284; x_wconf 86' lang='lat' dir='ltr'><strong>sanctorum,</strong></span> 
     </span>
     <span class='ocr_line' id='line_1_46' title="bbox 553 4300 2768 4379; baseline -0.001 -18"><span class='ocrx_word' id='word_1_401' title='bbox 553 4302 656 4361; x_wconf 89' lang='lat' dir='ltr'><strong>sed</strong></span> <span class='ocrx_word' id='word_1_402' title='bbox 719 4302 827 4361; x_wconf 91' lang='lat' dir='ltr'><strong>sub</strong></span> <span class='ocrx_word' id='word_1_403' title='bbox 884 4302 1269 4362; x_wconf 86' lang='lat' dir='ltr'><strong>fundatorum</strong></span> <span class='ocrx_word' id='word_1_404' title='bbox 1315 4301 1585 4362; x_wconf 85' lang='lat' dir='ltr'><strong>vivorum</strong></span> <span class='ocrx_word' id='word_1_405' title='bbox 1631 4300 1967 4361; x_wconf 86' lang='lat' dir='ltr'><strong>nominibus</strong></span> <span class='ocrx_word' id='word_1_406' title='bbox 2014 4301 2293 4378; x_wconf 91' lang='lat' dir='ltr'><strong>(Warren</strong></span> <span class='ocrx_word' id='word_1_407' title='bbox 2335 4322 2395 4379; x_wconf 91' lang='lat' dir='ltr'><strong>p.</strong></span> <span class='ocrx_word' id='word_1_408' title='bbox 2446 4301 2573 4378; x_wconf 90' lang='lat'><strong>74),</strong></span> <span class='ocrx_word' id='word_1_409' title='bbox 2619 4320 2768 4379; x_wconf 85' lang='lat' dir='ltr'><strong>prae·</strong></span> 
     </span>
    </p>
   </div>
  </div>
 </body>
</html>
