3025 4909
1377 186 1865 243 -120—-

500 358 591 413 De
639 375 775 428 qua,
828 375 955 412 cum
1004 357 1127 425 ipse
1174 357 1265 410 vir
1312 356 1666 411 venerandus
1716 358 1986 427 loquendi
2030 361 2373 426 potestatem
2420 356 2561 411 mihi
2610 374 2751 413 con·

502 430 758 494 cesserit,
798 430 1044 483 lectores
1083 429 1323 482 edocere
1360 428 1510 482 mihi.
1537 428 1724 484 liceat.

646 500 810 554 Sicut
855 499 1099 553 vidimus
1156 499 1453 553 ecclesiam
1504 498 1806 553 Scotorum
1861 500 2091 553 ineunte
2142 500 2364 553 saeculo
2417 500 2616 569 quinto
2667 504 2744 557 ab

501 571 744 626 ecclesia
791 570 1072 625 catholica
1119 570 1344 624 omnino
1384 570 1668 624 diversam
1705 588 1819 624 non
1857 570 2058 636 fuisse,
2110 576 2310 638 postea
2348 576 2561 636 autem,
2612 589 2745 627 cum

501 647 722 697 remota
760 660 795 695 a
831 641 1171 695 commercio
1210 658 1337 695 cum
1376 640 1500 695 aliis
1540 641 1815 695 ecclesiae
1840 642 2097 709 partibus
2126 646 2185 695 et
2210 642 2553 707 retinuisset,
2593 660 2744 711 quae

499 714 640 768 alibi
675 712 1056 776 mutabantur,
1097 715 1157 766 et
1191 716 1463 766 mutasset
1501 712 1611 766 alia
1646 729 1828 782 pauca
1864 730 1968 781 pro
2007 731 2105 766 sua
2138 713 2316 780 ipsius
2341 717 2561 777 natura,
2601 714 2745 770 levi-

500 785 690 840 oribus
729 784 1072 847 dissensisse,
1113 784 1196 837 ita
1233 782 1404 837 etiam
1443 801 1533 838 ars
1559 782 1857 838 Scotorum
1883 783 2046 836 initio
2074 783 2273 838 eadem
2299 782 2471 838 fuisse
2495 784 2743 850 videtur,

503 873 671 925 quam
719 856 865 909 aliae
913 870 1136 923 quoque
1184 857 1385 922 gentes
1421 872 1454 908 a
1491 854 1765 908 Romanis
1805 854 2145 909 didicerunt.
2222 854 2337 908 Sed
2376 872 2504 909 cum
2541 860 2747 923 postea

499 926 907 983 consuetudine
955 925 1278 978 intermissa
1315 923 1586 993 exemplis
1626 928 1684 978 et
1721 925 2006 994 magistris
2044 930 2328 989 carerent,
2370 926 2493 993 ,filis
2531 927 2645 981 suis
2685 932 2749 981 et

500 998 612 1068 ipsi
639 996 798 1051 Scoti
837 1000 896 1049 et
931 996 1184 1064 ipsorum
1221 994 1481 1064 picturae
1519 996 1972 1051 involvebantur,
2039 996 2146 1050 Oui
2170 996 2255 1049 rei
2281 997 2610 1052 testimonio
2635 1003 2740 1063 est,

500 1069 651 1138 quod
678 1068 1069 1121 Hibernorum
1092 1067 1322 1121 tabulae
1347 1068 1611 1132 minores,
1653 1084 1764 1137 quo
1789 1067 2139 1137 antiquiores
2166 1071 2313 1130 sunt,
2354 1086 2421 1122 eo
2441 1068 2750 1125 similiores*

498 1141 585 1204 iis,
627 1140 724 1208 qui
760 1138 821 1191 in
859 1138 983 1192 aliis
1011 1137 1463 1192 Occidentalium
1503 1138 1793 1192 codicibus
1818 1138 2196 1201 inveniuntur,
2240 1156 2350 1206 quo
2376 1140 2744 1206 recentiores,

498 1229 565 1267 eo
600 1210 781 1277 magis
806 1209 1133 1276 discrepant
1158 1226 1285 1262 cum
1310 1209 1454 1266 aliis.
1520 1208 1667 1263 Nam
1690 1209 2085 1274 vetustissima,
2125 1225 2269 1278 quae
2297 1214 2501 1274 exstat,
2539 1212 2747 1266 tubula

496 1282 670 1352 picta,
713 1281 912 1334 beatae
936 1278 1155 1336 Mariae
1192 1280 1430 1347 virginis
1456 1280 1761 1351 imaginem
1777 1281 2064 1347 praebens
2091 1280 2176 1348 (in
2202 1280 2287 1336 the
2310 1279 2462 1335 Book
2485 1281 2551 1348 of
2570 1283 2742 1347 Reus,

498 1370 642 1409 saec.
685 1350 805 1405 VII
845 1382 912 1390 —
950 1351 1238 1404 delineata
1284 1351 1342 1403 in
1395 1351 1503 1405 The
1549 1350 2017 1420 palaeoqraphical
2060 1351 2259 1420 society
2302 1352 2383 1406 ed.
2423 1351 2586 1407 chd
2632 1354 2748 1409 wnd

501 1424 807 1491 Thompson
847 1421 983 1476 1873
1022 1439 1142 1489 sqq.
1181 1420 1229 1485 I,
1277 1420 1392 1484 tab,
1431 1422 1499 1477 57
1517 1441 1530 1488 ;
1584 1427 1643 1475 et
1679 1422 1836 1475 varie
1872 1422 2028 1491 picta
2064 1423 2127 1475 in
2176 1421 2492 1488 Westwood‚
2543 1424 2744 1478 Palae-

559 1494 761 1563 raphia
805 1508 968 1547 saera
1005 1492 1249 1560 pictoria
1298 1492 1472 1557 1845,
1503 1493 1619 1548 tab.
1655 1492 1752 1561 16)
1803 1492 1975 1547 etiam
2022 1493 2305 1561 quandam
2354 1511 2482 1547 oum
2533 1495 2746 1549 tabulis

591 1564 781 1619 manis
807 1562 1237 1618 similitudinem
1273 1563 1464 1628 habet,
1504 1564 1860 1618 recentiores
1886 1568 2076 1622 autem
2113 1569 2177 1619 ut
2204 1564 2602 1633 Sangallenses
2630 1566 2744 1635 (di-

498 1639 766 1704 vulgatae
825 1638 884 1688 et
947 1634 1265 1688 delineatae
1333 1652 1366 1688 a
1416 1635 1654 1689 Kellero
1701 1636 1737 1687 1.
1788 1634 1862 1702 c.)
1921 1640 1981 1688 et
2038 1652 2138 1689 eae
2240 1652 2344 1689 uae
2405 1641 2634 1690 exstant
2683 1638 2747 1692 in

406 1737 415 1746 -
491 1706 814 1778 junioribus
863 1704 1152 1759 codicibus
1191 1704 1520 1760 Hibernicis
1568 1709 1634 1759 ut
1680 1707 1739 1758 in
1789 1705 1874 1759 the
1914 1706 2137 1774 Gospels
2266 1706 2349 1762 St.
2391 1706 2543 1761 Ohad
2582 1709 2745 1777 (circ.

496 1779 618 1834 700.
660 1775 782 1832 Pal.
813 1776 938 1832 Soc.
966 1777 1083 1831 tab.
1111 1775 1207 1841 213
1236 1775 1567 1832 Westwood
1592 1777 1708 1834 tab,
1738 1776 1848 1845 12),
1891 1777 1976 1831 the
2004 1777 2225 1845 Gospels
2249 1778 2314 1845 of
2334 1777 2468 1833 Mac
2492 1779 2746 1834 Duo-nan

524 1866 670 1904 saec.
712 1847 866 1902 VIII
904 1847 1387 1902 Westwoodtab.
1430 1848 1542 1916 13),
1587 1848 1673 1901 the
1708 1848 1929 1916 G‘ospels
1965 1848 2032 1915 of
2054 1848 2186 1903 Mac
2211 1848 2378 1917 Reyoz
2414 1850 2576 1916 (cire.
2617 1848 2743 1904 800.

581 1922 620 1977 l.
662 1919 789 1975 Soc.
829 1918 945 1974 tab.
987 1920 1079 1986 913
1116 1917 1448 1973 Westwood
1483 1918 1600 1975 tab.
1640 1918 1736 1986 44)
1775 1923 1969 1973 tantae
2008 1923 2139 1973 sunt
2174 1919 2331 1973 laudi
2368 1920 2743 1990 calligraph0‚

497 1996 561 2046 ut
605 1991 688 2045 nil
733 1990 843 2044 nisi
888 1990 1237 2059 vituperatio
1283 1989 1485 2044 relicta
1532 1991 1607 2044 sit
1651 1989 1887 2058 pictori,
1933 2006 2118 2058 neque
2165 1991 2241 2043 sit
2284 1990 2403 2043 ulla
2450 2008 2578 2045 cum
2616 1991 2747 2046 aliis

497 2061 736 2130 picmris
772 2061 888 2114 illis
927 2061 1255 2115 similitudo·
1979 2076 1984 2082 ·
2603 2075 2610 2080 ·

643 2131 873 2186 Similes
924 2131 1100 2214 igitur
1150 2134 1281 2184 sunt
1332 2131 1392 2185 in
1441 2130 1684 2185 eeclesia
1735 2134 1796 2184 et
1830 2132 1890 2184 in
1938 2136 2061 2185 arte
2101 2132 2399 2186 Scotorum
2436 2132 2744 2187 varietates

497 2209 834 2274 temporum,
876 2220 1015 2271 quin
1052 2202 1224 2255 etiam
1263 2218 1443 2271 paene
1482 2201 1732 2255 eaedem.
1799 2201 1945 2256 Nam
1984 2202 2129 2257 sicut
2154 2203 2214 2255 in
2240 2201 2739 2269 Nordanhymbria

478 2275 742 2330 -ecclesia
768 2273 1068 2328 Scotorum
1094 2272 1411 2326 Romanam
1436 2272 1856 2327 necessitudine
1879 2274 2091 2345 attigit,
2133 2275 2216 2330 ita
2241 2275 2301 2328 in
2328 2274 2528 2328 eadem
2555 2273 2743 2328 Nord-

493 2345 828 2413 anhymbria
851 2343 1172 2398 Romanum
1208 2344 1483 2414 pingendi
1517 2360 1698 2412 genus
1737 2363 1864 2398 cum
1891 2343 2121 2399 Scotico
2150 2348 2237 2398 est
2260 2344 2572 2409 confusum,
2611 2363 2745 2398 nam

492 2417 664 2480 liber,
714 2417 811 2486 qui
860 2415 1070 2468 dicitur
1109 2413 1451 2468 cuthberthi
1498 2415 1594 2469 vel
1632 2414 1718 2468 the
1758 2415 1980 2484 Gospels
2015 2415 2082 2482 of
2114 2414 2479 2482 Lindi-§farne
2514 2415 2740 2470 litteras

493 2488 738 2559 grandes
775 2485 1015 2555 praebet
1050 2484 1354 2546 Scotorum
1392 2483 1677 2539 scribendi
1715 2487 1937 2540 ratione
1974 2487 2184 2555 pictas,
2236 2487 2511 2557 imagines
2550 2490 2743 2541 autem

494 2557 996 2640 evangelistarum,
1056 2573 1201 2625 quae
1249 2555 1518 2620 doceant,
1577 2556 1814 2610 librario
1867 2574 1997 2610 oum
2047 2556 2320 2611 Romanis
2371 2557 2545 2614 fuisse
2590 2574 2744 2612 oom-

495 2646 769 2683 mercium
806 2625 954 2699 (Pal.
993 2626 1122 2681 Soc.
1161 2627 1278 2680 tab.
1320 2627 1380 2691 33
1421 2626 1753 2681 Westwood
1790 2627 1906 2681 tab.
1945 2629 2062 2694 45).
2241 2645 2244 2650 ·

634 2698 725 2756 Ex
750 2699 856 2753 hac
886 2715 1022 2768 ergo
1047 2698 1186 2752 artis
1208 2696 1558 2751 Hibernicae
1584 2698 1826 2752 historia
1849 2701 1910 2751 et
1932 2702 2134 2751 natura
2160 2697 2408 2751 fructum
2433 2699 2742 2767 capiamus.

490 2770 838 2826 Floruerunt
883 2768 1042 2824 Scoti
1094 2773 1216 2822 arte
1264 2786 1363 2822 sua
1410 2773 1643 2837 praeter
1692 2768 1897 2823 multas
1945 2769 2086 2822 alias
2133 2773 2359 2839 gentes,
2414 2787 2560 2838 quae
2599 2771 2740 2825 artis

488 2858 717 2910 prorsus
742 2840 912 2894 rudes
940 2844 1118 2905 erant,
1149 2839 1465 2895 floruerunt
1490 2840 1664 2893 etiam
1689 2839 1840 2894 bona
1861 2840 2135 2894 ecclesiae
2156 2840 2490 2894 condicione
2508 2846 2741 2908 praeter

491 2916 714 2965 ceteros
753 2927 859 2978 per
894 2912 1127 2982 longum
1164 2915 1403 2978 tempus.
1482 2908 1862 2964 Nihilosecius
1901 2914 2165 2979 utraque,
2207 2915 2266 2963 et
2303 2927 2392 2964 ars
2433 2911 2739 2966 Scotorum

491 2987 551 3037 et
588 2981 846 3046 ecclesia,
887 2981 973 3036 nil
1009 2982 1122 3035 nisi
1159 2981 1334 3035 medii
1372 2982 1499 3034 aevi
1537 2985 1798 3048 tempora
1835 2981 2072 3034 redolet.
2139 2980 2305 3049 Quod
2331 2982 2379 3035 si
2402 2998 2738 3053 negaremus

491 3053 860 3117 deecclesia,
901 3052 1164 3106 similiter
1202 3067 1514 3105 erraremus
1554 3056 1725 3120 atque
1762 3051 1833 3106 de
1872 3056 1994 3106 arte
2034 3053 2247 3107 erravit
2275 3052 2545 3107 Giraldus
2573 3053 2738 3109 Cam-

490 3124 708 3181 brensis
739 3126 808 3194 (†
834 3141 915 3182 ca.
947 3123 1131 3192 1200),
1161 3140 1288 3177 cum
1315 3123 1387 3176 de
1420 3122 1591 3190 pictis
1619 3122 1831 3176 codicis
1857 3123 2151 3192 cujusdam
2177 3122 2478 3177 Hibernici
2503 3124 2738 3179 tabulis:

489 3194 645 3252 Haec
662 3195 920 3264 equidem,
942 3194 1129 3263 inquit
1149 3191 1576 3263 (Topographia
1594 3191 1927 3249 Hibernica.
1968 3192 2295 3250 Frankfurt.·
2325 3193 2480 3249 1608.
2506 3213 2561 3265 p.
2585 3195 2737 3265 730),

487 3269 691 3333 quanto
730 3265 1074 3333 frequentius
1121 3268 1174 3318 et
1221 3263 1534 3335 diliyentius
1585 3264 1801 3317 intueor
1845 3280 2051 3333 semper
2097 3264 2256 3332 quasi
2301 3265 2456 3319 ‘novis
2490 3265 2741 3334 obstupeo

482 3352 793 3403 semperque
845 3336 1023 3404 magis
1071 3338 1231 3402 atque
1281 3334 1458 3404 maai-3
1507 3334 1839 3389 admiranda
1883 3335 2174 3403 compieiO,
2231 3352 2327 3390 nec
2369 3335 2579 3404 Apelles
2623 3336 2740 3403 ipse

486 3405 698 3462 similia
751 3405 960 3473 efficere
1005 3407 1215 3473 posset,
1272 3408 1324 3458 et
1374 3422 1548 3460 manu
1599 3422 1710 3460 non
1757 3405 1979 3462 mortali
2027 3405 2339 3473 efformatae
2385 3423 2452 3460 ac
2498 3405 2738 3474 depictae

480 3476 635 3533 mder‘
633 3478 812 3534 entur.
