<?xml version="1.0" encoding="UTF-8"?>
<!DOCTYPE html PUBLIC "-//W3C//DTD XHTML 1.0 Transitional//EN"
    "http://www.w3.org/TR/xhtml1/DTD/xhtml1-transitional.dtd">
<html xmlns="http://www.w3.org/1999/xhtml" xml:lang="en" lang="en">
 <head>
  <title>
</title>
<meta http-equiv="Content-Type" content="text/html;charset=utf-8" />
  <meta name='ocr-system' content='tesseract 3.04.00' />
  <meta name='ocr-capabilities' content='ocr_page ocr_carea ocr_par ocr_line ocrx_word'/>
</head>
<body>
  <div class='ocr_page' id='page_1' title='image "./deantiquabriton00loofgoog_0101.png"; bbox 0 0 3025 4909; ppageno 0'>
   <div class='ocr_carea' id='block_1_1' title="bbox 1127 205 1559 262">
    <p class='ocr_par' dir='ltr' id='par_1_1' title="bbox 1127 205 1559 262">
     <span class='ocr_line' id='line_1_1' title="bbox 1127 205 1559 262; baseline -0.005 -13"><span class='ocrx_word' id='word_1_1' title='bbox 1127 205 1559 262; x_wconf 78' lang='lat'><strong>...95-</strong></span> 
     </span>
    </p>
   </div>
   <div class='ocr_carea' id='block_1_2' title="bbox 167 379 2465 4107">
    <p class='ocr_par' dir='ltr' id='par_1_2' title="bbox 167 379 2462 1174">
     <span class='ocr_line' id='line_1_2' title="bbox 167 379 2460 461; baseline 0.001 -21"><span class='ocrx_word' id='word_1_2' title='bbox 167 394 259 459; x_wconf 79' lang='lat' dir='ltr'><strong>p‘.</strong></span> <span class='ocrx_word' id='word_1_3' title='bbox 333 379 624 455; x_wconf 80' lang='lat'>69—72)</span> <span class='ocrx_word' id='word_1_4' title='bbox 671 382 978 460; x_wconf 90' lang='lat' dir='ltr'><strong>episcopos</strong></span> <span class='ocrx_word' id='word_1_5' title='bbox 1022 382 1326 442; x_wconf 86' lang='lat' dir='ltr'><strong>Romanos</strong></span> <span class='ocrx_word' id='word_1_6' title='bbox 1369 403 1467 456; x_wconf 88' lang='lat' dir='ltr'><strong>ea,</strong></span> <span class='ocrx_word' id='word_1_7' title='bbox 1525 383 1598 441; x_wconf 91' lang='lat' dir='ltr'><strong>de</strong></span> <span class='ocrx_word' id='word_1_8' title='bbox 1644 403 1762 461; x_wconf 89' lang='lat' dir='ltr'><strong>qua</strong></span> <span class='ocrx_word' id='word_1_9' title='bbox 1807 382 2036 460; x_wconf 85' lang='lat' dir='ltr'><strong>agimus</strong></span> <span class='ocrx_word' id='word_1_10' title='bbox 2080 389 2292 456; x_wconf 83' lang='lat' dir='ltr'><strong>aetate,</strong></span> <span class='ocrx_word' id='word_1_11' title='bbox 2339 382 2460 442; x_wconf 87' lang='lat' dir='ltr'><strong>effi-</strong></span> 
     </span>
     <span class='ocr_line' id='line_1_3' title="bbox 175 470 2460 551; baseline 0 -22"><span class='ocrx_word' id='word_1_12' title='bbox 175 490 426 548; x_wconf 71' lang='lat' dir='ltr'><strong>cacem</strong></span> <span class='ocrx_word' id='word_1_13' title='bbox 470 470 848 530; x_wconf 87' lang='lat' dir='ltr'><strong>occidentalis</strong></span> <span class='ocrx_word' id='word_1_14' title='bbox 892 472 1107 532; x_wconf 85' lang='lat' dir='ltr'><strong>nedum</strong></span> <span class='ocrx_word' id='word_1_15' title='bbox 1139 472 1325 533; x_wconf 86' lang='lat' dir='ltr'><strong>totius</strong></span> <span class='ocrx_word' id='word_1_16' title='bbox 1354 472 1631 532; x_wconf 89' lang='lat' dir='ltr'><strong>ecclesiae</strong></span> <span class='ocrx_word' id='word_1_17' title='bbox 1659 472 2059 551; x_wconf 89' lang='lat' dir='ltr'><strong>principatum</strong></span> <span class='ocrx_word' id='word_1_18' title='bbox 2088 492 2460 549; x_wconf 84' lang='lat' dir='ltr'><strong>nequaquam</strong></span> 
     </span>
     <span class='ocr_line' id='line_1_4' title="bbox 175 559 2461 641; baseline 0 -23"><span class='ocrx_word' id='word_1_19' title='bbox 175 559 580 633; x_wconf 71' lang='lat' dir='ltr'><strong>obtinuisse,</strong></span> <span class='ocrx_word' id='word_1_20' title='bbox 642 580 711 619; x_wconf 87' lang='lat' dir='ltr'><strong>eo</strong></span> <span class='ocrx_word' id='word_1_21' title='bbox 769 560 964 620; x_wconf 90' lang='lat' dir='ltr'><strong>minus</strong></span> <span class='ocrx_word' id='word_1_22' title='bbox 1022 562 1229 639; x_wconf 87' lang='lat' dir='ltr'><strong>negari</strong></span> <span class='ocrx_word' id='word_1_23' title='bbox 1272 568 1473 639; x_wconf 89' lang='lat' dir='ltr'><strong>potest</strong></span> <span class='ocrx_word' id='word_1_24' title='bbox 1515 582 1642 635; x_wconf 89' lang='lat' dir='ltr'><strong>eos,</strong></span> <span class='ocrx_word' id='word_1_25' title='bbox 1703 560 1804 639; x_wconf 89' lang='lat' dir='ltr'><strong>qui</strong></span> <span class='ocrx_word' id='word_1_26' title='bbox 1849 560 2249 641; x_wconf 77' lang='lat' dir='ltr'><strong>principatum</strong></span> <span class='ocrx_word' id='word_1_27' title='bbox 2291 562 2461 619; x_wconf 83' lang='lat' dir='ltr'><strong>illum</strong></span> 
     </span>
     <span class='ocr_line' id='line_1_5' title="bbox 176 648 2461 728; baseline 0 -20"><span class='ocrx_word' id='word_1_28' title='bbox 176 648 522 728; x_wconf 78' lang='lat' dir='ltr'><strong>episcopis</strong></span> <span class='ocrx_word' id='word_1_29' title='bbox 566 649 854 708; x_wconf 82' lang='lat' dir='ltr'><strong>Romanis</strong></span> <span class='ocrx_word' id='word_1_30' title='bbox 913 650 1211 723; x_wconf 77' lang='lat' dir='ltr'><strong>tribuant,</strong></span> <span class='ocrx_word' id='word_1_31' title='bbox 1271 651 1383 710; x_wconf 87' lang='lat' dir='ltr'><strong>hac</strong></span> <span class='ocrx_word' id='word_1_32' title='bbox 1434 650 1566 728; x_wconf 88' lang='lat' dir='ltr'><strong>ipsa</strong></span> <span class='ocrx_word' id='word_1_33' title='bbox 1618 671 1683 709; x_wconf 88' lang='lat' dir='ltr'><strong>re</strong></span> <span class='ocrx_word' id='word_1_34' title='bbox 1739 649 2048 709; x_wconf 87' lang='lat' dir='ltr'><strong>manifeste</strong></span> <span class='ocrx_word' id='word_1_35' title='bbox 2090 651 2355 709; x_wconf 89' lang='lat' dir='ltr'><strong>indicare</strong></span> <span class='ocrx_word' id='word_1_36' title='bbox 2400 670 2461 710; x_wconf 90' lang='lat' dir='ltr'><strong>se</strong></span> 
     </span>
     <span class='ocr_line' id='line_1_6' title="bbox 180 739 2461 819; baseline 0 -23"><span class='ocrx_word' id='word_1_37' title='bbox 180 757 355 797; x_wconf 79' lang='lat' dir='ltr'><strong>esse</strong></span> <span class='ocrx_word' id='word_1_38' title='bbox 411 743 475 796; x_wconf 90' lang='lat' dir='ltr'><strong>et</strong></span> <span class='ocrx_word' id='word_1_39' title='bbox 528 739 678 797; x_wconf 83' lang='lat' dir='ltr'><strong>velle</strong></span> <span class='ocrx_word' id='word_1_40' title='bbox 732 758 859 797; x_wconf 88' lang='lat' dir='ltr'><strong>esse</strong></span> <span class='ocrx_word' id='word_1_41' title='bbox 911 740 1235 818; x_wconf 88' lang='lat' dir='ltr'><strong>participes</strong></span> <span class='ocrx_word' id='word_1_42' title='bbox 1289 740 1490 813; x_wconf 77' lang='lat' dir='ltr'><strong>uniuS,</strong></span> <span class='ocrx_word' id='word_1_43' title='bbox 1555 747 1736 819; x_wconf 91' lang='lat' dir='ltr'><strong>prout</strong></span> <span class='ocrx_word' id='word_1_44' title='bbox 1787 743 1932 798; x_wconf 87' lang='lat' dir='ltr'><strong>tunc</strong></span> <span class='ocrx_word' id='word_1_45' title='bbox 1984 739 2461 817; x_wconf 63' lang='lat' dir='ltr'><strong>intellegebatur,</strong></span> 
     </span>
     <span class='ocr_line' id='line_1_7' title="bbox 182 828 2462 889; baseline 0 -3"><span class='ocrx_word' id='word_1_46' title='bbox 182 833 467 886; x_wconf 76' lang='lat' dir='ltr'><strong>sanctae</strong></span> <span class='ocrx_word' id='word_1_47' title='bbox 522 828 797 887; x_wconf 88' lang='lat' dir='ltr'><strong>ecclesiae</strong></span> <span class='ocrx_word' id='word_1_48' title='bbox 852 828 1192 889; x_wconf 85' lang='lat' dir='ltr'><strong>catholicae.</strong></span> <span class='ocrx_word' id='word_1_49' title='bbox 1283 828 1450 888; x_wconf 79' lang='lat' dir='ltr'><strong>Talis</strong></span> <span class='ocrx_word' id='word_1_50' title='bbox 1495 835 1625 888; x_wconf 87' lang='lat' dir='ltr'><strong>erat</strong></span> <span class='ocrx_word' id='word_1_51' title='bbox 1671 828 1974 888; x_wconf 83' lang='lat' dir='ltr'><strong>Columba.</strong></span> <span class='ocrx_word' id='word_1_52' title='bbox 2066 828 2261 887; x_wconf 86' lang='lat' dir='ltr'><strong>Claris</strong></span> <span class='ocrx_word' id='word_1_53' title='bbox 2305 828 2462 887; x_wconf 88' lang='lat' dir='ltr'><strong>enim</strong></span> 
     </span>
     <span class='ocr_line' id='line_1_8' title="bbox 182 915 2461 996; baseline 0 -22"><span class='ocrx_word' id='word_1_54' title='bbox 182 915 442 988; x_wconf 80' lang='lat' dir='ltr'><strong>verbis,</strong></span> <span class='ocrx_word' id='word_1_55' title='bbox 488 916 854 990; x_wconf 87' lang='lat' dir='ltr'><strong>clarioribus,</strong></span> <span class='ocrx_word' id='word_1_56' title='bbox 901 938 1078 994; x_wconf 90' lang='lat' dir='ltr'><strong>quam</strong></span> <span class='ocrx_word' id='word_1_57' title='bbox 1122 919 1281 977; x_wconf 88' lang='lat' dir='ltr'><strong>ullus</strong></span> <span class='ocrx_word' id='word_1_58' title='bbox 1310 918 1644 994; x_wconf 82' lang='lat' dir='ltr'><strong>aequalium</strong></span> <span class='ocrx_word' id='word_1_59' title='bbox 1677 921 1819 993; x_wconf 82' lang='lat' dir='ltr'><strong>ejus,</strong></span> <span class='ocrx_word' id='word_1_60' title='bbox 1865 916 2264 996; x_wconf 82' lang='lat' dir='ltr'><strong>principatum</strong></span> <span class='ocrx_word' id='word_1_61' title='bbox 2295 918 2461 976; x_wconf 92' lang='lat' dir='ltr'><strong>illum</strong></span> 
     </span>
     <span class='ocr_line' id='line_1_9' title="bbox 185 1004 2459 1086; baseline 0.001 -24"><span class='ocrx_word' id='word_1_62' title='bbox 185 1006 499 1083; x_wconf 79' lang='lat' dir='ltr'><strong>episcopo</strong></span> <span class='ocrx_word' id='word_1_63' title='bbox 546 1004 817 1064; x_wconf 85' lang='lat' dir='ltr'><strong>Romano</strong></span> <span class='ocrx_word' id='word_1_64' title='bbox 871 1008 1165 1066; x_wconf 84' lang='lat' dir='ltr'><strong>attribuit.</strong></span> <span class='ocrx_word' id='word_1_65' title='bbox 1254 1007 1388 1065; x_wconf 88' lang='lat' dir='ltr'><strong>Hoc</strong></span> <span class='ocrx_word' id='word_1_66' title='bbox 1442 1027 1518 1065; x_wconf 84' lang='lat' dir='ltr'><strong>ex</strong></span> <span class='ocrx_word' id='word_1_67' title='bbox 1568 1007 1700 1086; x_wconf 83' lang='lat' dir='ltr'><strong>ipsa</strong></span> <span class='ocrx_word' id='word_1_68' title='bbox 1753 1008 1856 1064; x_wconf 90' lang='lat' dir='ltr'><strong>illa</strong></span> <span class='ocrx_word' id='word_1_69' title='bbox 1911 1008 2313 1068; x_wconf 82' lang='lat' dir='ltr'><strong>controversia</strong></span> <span class='ocrx_word' id='word_1_70' title='bbox 2356 1028 2459 1085; x_wconf 88' lang='lat' dir='ltr'><strong>pa·</strong></span> 
     </span>
     <span class='ocr_line' id='line_1_10' title="bbox 188 1093 1225 1174; baseline 0.002 -21"><span class='ocrx_word' id='word_1_71' title='bbox 188 1093 409 1153; x_wconf 74' lang='lat' dir='ltr'><strong>sohali</strong></span> <span class='ocrx_word' id='word_1_72' title='bbox 452 1094 914 1154; x_wconf 82' lang='lat' dir='ltr'><strong>luculentissime</strong></span> <span class='ocrx_word' id='word_1_73' title='bbox 956 1103 1225 1174; x_wconf 86' lang='lat' dir='ltr'><strong>apparet.</strong></span> 
     </span>
    </p>

    <p class='ocr_par' dir='ltr' id='par_1_3' title="bbox 174 1180 2465 4107">
     <span class='ocr_line' id='line_1_11' title="bbox 404 1180 2462 1264; baseline 0.001 -23"><span class='ocrx_word' id='word_1_74' title='bbox 404 1180 771 1256; x_wconf 83' lang='lat' dir='ltr'><strong>Columbam,</strong></span> <span class='ocrx_word' id='word_1_75' title='bbox 818 1204 951 1243; x_wconf 90' lang='lat' dir='ltr'><strong>cum</strong></span> <span class='ocrx_word' id='word_1_76' title='bbox 996 1184 1370 1262; x_wconf 81' lang='lat' dir='ltr'><strong>cognovisset</strong></span> <span class='ocrx_word' id='word_1_77' title='bbox 1398 1183 1663 1246; x_wconf 81' lang='lat' dir='ltr'><strong>Francos</strong></span> <span class='ocrx_word' id='word_1_78' title='bbox 1694 1186 1949 1246; x_wconf 88' lang='lat' dir='ltr'><strong>Victorii</strong></span> <span class='ocrx_word' id='word_1_79' title='bbox 1996 1186 2156 1263; x_wconf 81' lang='lat' dir='ltr'><strong>cyclo</strong></span> <span class='ocrx_word' id='word_1_80' title='bbox 2197 1185 2462 1264; x_wconf 88' lang='lat' dir='ltr'><strong>paschali</strong></span> 
     </span>
     <span class='ocr_line' id='line_1_12' title="bbox 191 1270 2461 1351; baseline 0.001 -22"><span class='ocrx_word' id='word_1_81' title='bbox 191 1274 463 1343; x_wconf 80' lang='lat' dir='ltr'><strong>utentes</strong></span> <span class='ocrx_word' id='word_1_82' title='bbox 509 1270 583 1329; x_wconf 86' lang='lat' dir='ltr'><strong>de</strong></span> <span class='ocrx_word' id='word_1_83' title='bbox 628 1274 1039 1351; x_wconf 83' lang='lat' dir='ltr'><strong>computandis</strong></span> <span class='ocrx_word' id='word_1_84' title='bbox 1067 1274 1234 1333; x_wconf 89' lang='lat' dir='ltr'><strong>festis</strong></span> <span class='ocrx_word' id='word_1_85' title='bbox 1266 1272 1472 1332; x_wconf 89' lang='lat' dir='ltr'><strong>diebus</strong></span> <span class='ocrx_word' id='word_1_86' title='bbox 1502 1275 1876 1351; x_wconf 88' lang='lat' dir='ltr'><strong>paschalibus</strong></span> <span class='ocrx_word' id='word_1_87' title='bbox 1906 1287 2103 1335; x_wconf 86' lang='lat' dir='ltr'><strong>secum</strong></span> <span class='ocrx_word' id='word_1_88' title='bbox 2133 1274 2461 1346; x_wconf 85' lang='lat' dir='ltr'><strong>dissentire,</strong></span> 
     </span>
     <span class='ocr_line' id='line_1_13' title="bbox 197 1360 2461 1442; baseline 0 -22"><span class='ocrx_word' id='word_1_89' title='bbox 197 1373 394 1420; x_wconf 76' lang='lat' dir='ltr'><strong>suam</strong></span> <span class='ocrx_word' id='word_1_90' title='bbox 445 1360 830 1420; x_wconf 85' lang='lat' dir='ltr'><strong>traditionem</strong></span> <span class='ocrx_word' id='word_1_91' title='bbox 884 1383 1086 1421; x_wconf 82' lang='lat' dir='ltr'><strong>veram</strong></span> <span class='ocrx_word' id='word_1_92' title='bbox 1141 1368 1320 1440; x_wconf 89' lang='lat' dir='ltr'><strong>atque</strong></span> <span class='ocrx_word' id='word_1_93' title='bbox 1376 1363 1726 1423; x_wconf 87' lang='lat' dir='ltr'><strong>catholicam</strong></span> <span class='ocrx_word' id='word_1_94' title='bbox 1770 1364 2071 1441; x_wconf 85' lang='lat' dir='ltr'><strong>putavisse</strong></span> <span class='ocrx_word' id='word_1_95' title='bbox 2117 1383 2295 1442; x_wconf 89' lang='lat' dir='ltr'><strong>supra</strong></span> <span class='ocrx_word' id='word_1_96' title='bbox 2335 1366 2461 1439; x_wconf 84' lang='lat' dir='ltr'><strong>jam</strong></span> 
     </span>
     <span class='ocr_line' id='line_1_14' title="bbox 195 1448 2462 1531; baseline 0 -23"><span class='ocrx_word' id='word_1_97' title='bbox 195 1448 496 1508; x_wconf 75' lang='lat' dir='ltr'><strong>vidimus.</strong></span> <span class='ocrx_word' id='word_1_98' title='bbox 588 1449 806 1511; x_wconf 87' lang='lat' dir='ltr'><strong>Fretus</strong></span> <span class='ocrx_word' id='word_1_99' title='bbox 870 1451 1058 1527; x_wconf 81' lang='lat' dir='ltr'><strong>igitur</strong></span> <span class='ocrx_word' id='word_1_100' title='bbox 1116 1451 1458 1511; x_wconf 85' lang='lat' dir='ltr'><strong>traditionis</strong></span> <span class='ocrx_word' id='word_1_101' title='bbox 1521 1473 1660 1511; x_wconf 89' lang='lat' dir='ltr'><strong>suae</strong></span> <span class='ocrx_word' id='word_1_102' title='bbox 1725 1454 1978 1514; x_wconf 85' lang='lat' dir='ltr'><strong>veritate</strong></span> <span class='ocrx_word' id='word_1_103' title='bbox 2037 1453 2164 1531; x_wconf 89' lang='lat' dir='ltr'><strong>ipse</strong></span> <span class='ocrx_word' id='word_1_104' title='bbox 2229 1457 2462 1511; x_wconf 89' lang='lat' dir='ltr'><strong>contro-</strong></span> 
     </span>
     <span class='ocr_line' id='line_1_15' title="bbox 197 1537 2462 1621; baseline 0.001 -24"><span class='ocrx_word' id='word_1_105' title='bbox 197 1537 452 1597; x_wconf 75' lang='lat' dir='ltr'><strong>versiae</strong></span> <span class='ocrx_word' id='word_1_106' title='bbox 496 1557 732 1597; x_wconf 89' lang='lat' dir='ltr'><strong>causam</strong></span> <span class='ocrx_word' id='word_1_107' title='bbox 777 1540 1038 1599; x_wconf 87' lang='lat' dir='ltr'><strong>inferens</strong></span> <span class='ocrx_word' id='word_1_108' title='bbox 1069 1538 1424 1618; x_wconf 81' lang='lat' dir='ltr'><strong>Gregorium</strong></span> <span class='ocrx_word' id='word_1_109' title='bbox 1463 1559 1680 1619; x_wconf 89' lang='lat' dir='ltr'><strong>papam</strong></span> <span class='ocrx_word' id='word_1_110' title='bbox 1710 1563 1821 1621; x_wconf 89' lang='lat' dir='ltr'><strong>per</strong></span> <span class='ocrx_word' id='word_1_111' title='bbox 1847 1542 2079 1601; x_wconf 85' lang='lat' dir='ltr'><strong>litteras</strong></span> <span class='ocrx_word' id='word_1_112' title='bbox 2111 1540 2462 1620; x_wconf 79' lang='lat' dir='ltr'><strong>appellavit·</strong></span> 
     </span>
     <span class='ocr_line' id='line_1_16' title="bbox 215 1623 2464 1711; baseline 0.002 -26"><span class='ocrx_word' id='word_1_113' title='bbox 215 1624 473 1699; x_wconf 54' lang='lat' dir='ltr'><strong>„miron</strong></span> <span class='ocrx_word' id='word_1_114' title='bbox 499 1624 718 1709; x_wconf 85' lang='lat' dir='ltr'><strong>fateor,</strong></span> <span class='ocrx_word' id='word_1_115' title='bbox 764 1628 978 1705; x_wconf 90' lang='lat' dir='ltr'><strong>inquit,</strong></span> <span class='ocrx_word' id='word_1_116' title='bbox 1024 1648 1063 1688; x_wconf 89' lang='lat' dir='ltr'><strong>a</strong></span> <span class='ocrx_word' id='word_1_117' title='bbox 1106 1636 1159 1690; x_wconf 87' lang='lat' dir='ltr'><strong>te</strong></span> <span class='ocrx_word' id='word_1_118' title='bbox 1188 1627 1339 1689; x_wconf 75' lang='lat' dir='ltr'><strong>hune</strong></span> <span class='ocrx_word' id='word_1_119' title='bbox 1372 1623 1606 1689; x_wconf 78' lang='lat' dir='ltr'><strong>Galliae</strong></span> <span class='ocrx_word' id='word_1_120' title='bbox 1634 1649 1933 1691; x_wconf 84' lang='lat' dir='ltr'><strong>errorem.</strong></span> <span class='ocrx_word' id='word_1_121' title='bbox 2015 1627 2187 1711; x_wconf 78' lang='lat' dir='ltr'><strong>‚jam</strong></span> <span class='ocrx_word' id='word_1_122' title='bbox 2214 1628 2320 1690; x_wconf 80' lang='lat' dir='ltr'><strong>diu</strong></span> <span class='ocrx_word' id='word_1_123' title='bbox 2347 1649 2464 1690; x_wconf 77' lang='lat' dir='ltr'><strong>nou</strong></span> 
     </span>
     <span class='ocr_line' id='line_1_17' title="bbox 179 1713 2464 1800; baseline 0.001 -26"><span class='ocrx_word' id='word_1_124' title='bbox 179 1713 402 1797; x_wconf 61' lang='lat' dir='ltr'><strong>fiisse</strong></span> <span class='ocrx_word' id='word_1_125' title='bbox 444 1735 677 1787; x_wconf 87' lang='lat' dir='ltr'><strong>rasum,</strong></span> <span class='ocrx_word' id='word_1_126' title='bbox 714 1716 829 1777; x_wconf 69' lang='lat' dir='ltr'><strong>nist</strong></span> <span class='ocrx_word' id='word_1_127' title='bbox 819 1715 1004 1797; x_wconf 84' lang='lat' dir='ltr'><strong>forte</strong></span> <span class='ocrx_word' id='word_1_128' title='bbox 1024 1725 1242 1800; x_wconf 81' lang='lat' dir='ltr'><strong>putem,</strong></span> <span class='ocrx_word' id='word_1_129' title='bbox 1274 1717 1433 1799; x_wconf 79' lang='lat' dir='ltr'><strong>quod</strong></span> <span class='ocrx_word' id='word_1_130' title='bbox 1461 1717 1560 1779; x_wconf 71' lang='lat' dir='ltr'><strong>via·</strong></span> <span class='ocrx_word' id='word_1_131' title='bbox 1589 1719 1820 1780; x_wconf 80' lang='lat' dir='ltr'><strong>eredere</strong></span> <span class='ocrx_word' id='word_1_132' title='bbox 1836 1738 2102 1799; x_wconf 83' lang='lat' dir='ltr'><strong>possum,</strong></span> <span class='ocrx_word' id='word_1_133' title='bbox 2149 1718 2294 1778; x_wconf 80' lang='lat' dir='ltr'><strong>dum</strong></span> <span class='ocrx_word' id='word_1_134' title='bbox 2333 1737 2464 1779; x_wconf 86' lang='lat' dir='ltr'><strong>eum</strong></span> 
     </span>
     <span class='ocr_line' id='line_1_18' title="bbox 209 1804 2462 1889; baseline 0.001 -26"><span class='ocrx_word' id='word_1_135' title='bbox 209 1812 447 1864; x_wconf 80' lang='lat' dir='ltr'><strong>constat</strong></span> <span class='ocrx_word' id='word_1_136' title='bbox 490 1825 531 1864; x_wconf 85' lang='lat' dir='ltr'><strong>a</strong></span> <span class='ocrx_word' id='word_1_137' title='bbox 573 1813 627 1864; x_wconf 88' lang='lat' dir='ltr'><strong>te</strong></span> <span class='ocrx_word' id='word_1_138' title='bbox 669 1825 789 1865; x_wconf 78' lang='lat' dir='ltr'><strong>nou</strong></span> <span class='ocrx_word' id='word_1_139' title='bbox 814 1804 1006 1887; x_wconf 68' lang='lat' dir='ltr'><strong>fuzsse</strong></span> <span class='ocrx_word' id='word_1_140' title='bbox 1049 1806 1434 1878; x_wconf 66' lang='lat' dir='ltr'><strong>mandatum,</strong></span> <span class='ocrx_word' id='word_1_141' title='bbox 1479 1807 1647 1887; x_wconf 77' lang='lat' dir='ltr'><strong>apud</strong></span> <span class='ocrx_word' id='word_1_142' title='bbox 1682 1817 1735 1868; x_wconf 84' lang='lat' dir='ltr'><strong>te</strong></span> <span class='ocrx_word' id='word_1_143' title='bbox 1765 1828 1883 1868; x_wconf 85' lang='lat' dir='ltr'><strong>esse</strong></span> <span class='ocrx_word' id='word_1_144' title='bbox 1897 1806 2221 1889; x_wconf 84' lang='lat' dir='ltr'><strong>probatum</strong></span> <span class='ocrx_word' id='word_1_145' title='bbox 2252 1809 2371 1886; x_wconf 89' lang='lat' dir='ltr'><strong>(ep.</strong></span> <span class='ocrx_word' id='word_1_146' title='bbox 2406 1808 2462 1881; x_wconf 90' lang='lat'><strong>5,</strong></span> 
     </span>
     <span class='ocr_line' id='line_1_19' title="bbox 215 1893 2463 1974; baseline 0.001 -24"><span class='ocrx_word' id='word_1_147' title='bbox 215 1914 289 1971; x_wconf 82' lang='lat' dir='ltr'><strong>p.</strong></span> <span class='ocrx_word' id='word_1_148' title='bbox 337 1893 417 1951; x_wconf 79' lang='lat'><strong>32</strong></span> <span class='ocrx_word' id='word_1_149' title='bbox 467 1893 543 1970; x_wconf 84' lang='lat' dir='ltr'><strong>G)</strong></span> <span class='ocrx_word' id='word_1_150' title='bbox 588 1937 601 1953; x_wconf 95' lang='lat'><strong>.</strong></span> <span class='ocrx_word' id='word_1_151' title='bbox 635 1938 650 1953; x_wconf 91' lang='lat'><strong>.</strong></span> <span class='ocrx_word' id='word_1_152' title='bbox 683 1937 697 1952; x_wconf 89' lang='lat'><strong>.</strong></span> <span class='ocrx_word' id='word_1_153' title='bbox 739 1903 840 1954; x_wconf 85' lang='lat' dir='ltr'><strong>aut</strong></span> <span class='ocrx_word' id='word_1_154' title='bbox 883 1914 1096 1955; x_wconf 74' lang='lat' dir='ltr'><strong>excusa</strong></span> <span class='ocrx_word' id='word_1_155' title='bbox 1141 1903 1243 1955; x_wconf 85' lang='lat' dir='ltr'><strong>aut</strong></span> <span class='ocrx_word' id='word_1_156' title='bbox 1285 1896 1510 1957; x_wconf 79' lang='lat' dir='ltr'><strong>damna</strong></span> <span class='ocrx_word' id='word_1_157' title='bbox 1571 1893 1891 1957; x_wconf 71' lang='lat' dir='ltr'><strong>Victoriam</strong></span> <span class='ocrx_word' id='word_1_158' title='bbox 1936 1898 2039 1974; x_wconf 87' lang='lat' dir='ltr'><strong>(ib.</strong></span> <span class='ocrx_word' id='word_1_159' title='bbox 2085 1896 2181 1973; x_wconf 87' lang='lat' dir='ltr'><strong>F).</strong></span> <span class='ocrx_word' id='word_1_160' title='bbox 2255 1897 2463 1971; x_wconf 86' lang='lat' dir='ltr'><strong>Neque</strong></span> 
     </span>
     <span class='ocr_line' id='line_1_20' title="bbox 216 1983 2461 2063; baseline 0.001 -22"><span class='ocrx_word' id='word_1_161' title='bbox 216 1984 382 2042; x_wconf 87' lang='lat' dir='ltr'><strong>hanc</strong></span> <span class='ocrx_word' id='word_1_162' title='bbox 439 1983 806 2058; x_wconf 84' lang='lat' dir='ltr'><strong>dijudicandi</strong></span> <span class='ocrx_word' id='word_1_163' title='bbox 861 1990 1220 2063; x_wconf 86' lang='lat' dir='ltr'><strong>potestatem</strong></span> <span class='ocrx_word' id='word_1_164' title='bbox 1279 2006 1471 2063; x_wconf 86' lang='lat' dir='ltr'><strong>papae</strong></span> <span class='ocrx_word' id='word_1_165' title='bbox 1528 2007 1646 2045; x_wconf 89' lang='lat' dir='ltr'><strong>non</strong></span> <span class='ocrx_word' id='word_1_166' title='bbox 1692 1987 1973 2047; x_wconf 88' lang='lat' dir='ltr'><strong>attribuit</strong></span> <span class='ocrx_word' id='word_1_167' title='bbox 2016 1985 2132 2044; x_wconf 91' lang='lat' dir='ltr'><strong>nisi</strong></span> <span class='ocrx_word' id='word_1_168' title='bbox 2179 1985 2461 2062; x_wconf 89' lang='lat' dir='ltr'><strong>quamdin</strong></span> 
     </span>
     <span class='ocr_line' id='line_1_21' title="bbox 222 2073 2465 2152; baseline 0 -21"><span class='ocrx_word' id='word_1_169' title='bbox 222 2073 499 2150; x_wconf 85' lang='lat' dir='ltr'><strong>speravit</strong></span> <span class='ocrx_word' id='word_1_170' title='bbox 543 2073 695 2146; x_wconf 85' lang='lat' dir='ltr'><strong>fore,</strong></span> <span class='ocrx_word' id='word_1_171' title='bbox 742 2080 812 2132; x_wconf 91' lang='lat' dir='ltr'><strong>ut</strong></span> <span class='ocrx_word' id='word_1_172' title='bbox 857 2094 1015 2151; x_wconf 85' lang='lat' dir='ltr'><strong>papa</strong></span> <span class='ocrx_word' id='word_1_173' title='bbox 1061 2095 1096 2133; x_wconf 85' lang='lat' dir='ltr'><strong>a</strong></span> <span class='ocrx_word' id='word_1_174' title='bbox 1142 2094 1248 2133; x_wconf 90' lang='lat' dir='ltr'><strong>sua</strong></span> <span class='ocrx_word' id='word_1_175' title='bbox 1291 2080 1463 2152; x_wconf 88' lang='lat' dir='ltr'><strong>parte</strong></span> <span class='ocrx_word' id='word_1_176' title='bbox 1508 2081 1715 2149; x_wconf 87' lang='lat' dir='ltr'><strong>staret,</strong></span> <span class='ocrx_word' id='word_1_177' title='bbox 1760 2076 1938 2134; x_wconf 90' lang='lat' dir='ltr'><strong>immo</strong></span> <span class='ocrx_word' id='word_1_178' title='bbox 1982 2081 2300 2152; x_wconf 88' lang='lat' dir='ltr'><strong>postquam</strong></span> <span class='ocrx_word' id='word_1_179' title='bbox 2346 2073 2465 2134; x_wconf 91' lang='lat' dir='ltr'><strong>sibi</strong></span> 
     </span>
     <span class='ocr_line' id='line_1_22' title="bbox 218 2162 2462 2240; baseline 0 -20"><span class='ocrx_word' id='word_1_180' title='bbox 218 2162 523 2240; x_wconf 84' lang='lat' dir='ltr'><strong>persuasit</strong></span> <span class='ocrx_word' id='word_1_181' title='bbox 582 2162 864 2224; x_wconf 84' lang='lat' dir='ltr'><strong>ecclesiae</strong></span> <span class='ocrx_word' id='word_1_182' title='bbox 910 2162 1214 2221; x_wconf 85' lang='lat' dir='ltr'><strong>Romanae</strong></span> <span class='ocrx_word' id='word_1_183' title='bbox 1269 2164 1752 2223; x_wconf 87' lang='lat' dir='ltr'><strong>consuetudinem</strong></span> <span class='ocrx_word' id='word_1_184' title='bbox 1810 2164 2055 2223; x_wconf 84' lang='lat' dir='ltr'><strong>eandem</strong></span> <span class='ocrx_word' id='word_1_185' title='bbox 2110 2182 2237 2222; x_wconf 88' lang='lat' dir='ltr'><strong>esse</strong></span> <span class='ocrx_word' id='word_1_186' title='bbox 2282 2168 2462 2239; x_wconf 91' lang='lat' dir='ltr'><strong>atque</strong></span> 
     </span>
     <span class='ocr_line' id='line_1_23' title="bbox 220 2248 2463 2329; baseline -0 -20"><span class='ocrx_word' id='word_1_187' title='bbox 220 2248 559 2324; x_wconf 78' lang='lat' dir='ltr'><strong>Gallorum,</strong></span> <span class='ocrx_word' id='word_1_188' title='bbox 603 2257 746 2310; x_wconf 89' lang='lat' dir='ltr'><strong>tunc</strong></span> <span class='ocrx_word' id='word_1_189' title='bbox 790 2252 1135 2311; x_wconf 88' lang='lat' dir='ltr'><strong>facultatem</strong></span> <span class='ocrx_word' id='word_1_190' title='bbox 1180 2253 1564 2329; x_wconf 89' lang='lat' dir='ltr'><strong>permanendi</strong></span> <span class='ocrx_word' id='word_1_191' title='bbox 1609 2253 1673 2311; x_wconf 91' lang='lat' dir='ltr'><strong>in</strong></span> <span class='ocrx_word' id='word_1_192' title='bbox 1718 2273 1826 2312; x_wconf 89' lang='lat' dir='ltr'><strong>sua</strong></span> <span class='ocrx_word' id='word_1_193' title='bbox 1870 2252 2193 2311; x_wconf 86' lang='lat' dir='ltr'><strong>traditione</strong></span> <span class='ocrx_word' id='word_1_194' title='bbox 2238 2272 2274 2310; x_wconf 87' lang='lat' dir='ltr'><strong>a</strong></span> <span class='ocrx_word' id='word_1_195' title='bbox 2303 2271 2463 2329; x_wconf 89' lang='lat' dir='ltr'><strong>papa</strong></span> 
     </span>
     <span class='ocr_line' id='line_1_24' title="bbox 225 2338 2463 2420; baseline 0 -22"><span class='ocrx_word' id='word_1_196' title='bbox 225 2338 348 2398; x_wconf 87' lang='lat' dir='ltr'><strong>sibi</strong></span> <span class='ocrx_word' id='word_1_197' title='bbox 402 2340 797 2413; x_wconf 87' lang='lat' dir='ltr'><strong>quaerendam</strong></span> <span class='ocrx_word' id='word_1_198' title='bbox 844 2360 968 2401; x_wconf 88' lang='lat' dir='ltr'><strong>esse</strong></span> <span class='ocrx_word' id='word_1_199' title='bbox 1015 2361 1255 2400; x_wconf 88' lang='lat' dir='ltr'><strong>censens</strong></span> <span class='ocrx_word' id='word_1_200' title='bbox 1300 2341 1607 2401; x_wconf 87' lang='lat' dir='ltr'><strong>Bonifatio</strong></span> <span class='ocrx_word' id='word_1_201' title='bbox 1653 2361 1845 2420; x_wconf 89' lang='lat' dir='ltr'><strong>papae</strong></span> <span class='ocrx_word' id='word_1_202' title='bbox 1891 2341 2150 2419; x_wconf 88' lang='lat' dir='ltr'><strong>scripsit:</strong></span> <span class='ocrx_word' id='word_1_203' title='bbox 2215 2338 2304 2414; x_wconf 77' lang='lat' dir='ltr'><strong>„si</strong></span> <span class='ocrx_word' id='word_1_204' title='bbox 2344 2359 2463 2399; x_wconf 77' lang='lat' dir='ltr'><strong>nou</strong></span> 
     </span>
     <span class='ocr_line' id='line_1_25' title="bbox 225 2425 2463 2510; baseline 0 -24"><span class='ocrx_word' id='word_1_205' title='bbox 225 2425 638 2509; x_wconf 67' lang='lat' dir='ltr'><strong>eontraJfflem</strong></span> <span class='ocrx_word' id='word_1_206' title='bbox 666 2437 762 2499; x_wconf 85' lang='lat' dir='ltr'><strong>est,</strong></span> <span class='ocrx_word' id='word_1_207' title='bbox 790 2437 1125 2489; x_wconf 80' lang='lat' dir='ltr'><strong>nostrorum</strong></span> <span class='ocrx_word' id='word_1_208' title='bbox 1152 2428 1523 2489; x_wconf 68' lang='lat' dir='ltr'><strong>tradetionem</strong></span> <span class='ocrx_word' id='word_1_209' title='bbox 1550 2429 1786 2490; x_wconf 83' lang='lat' dir='ltr'><strong>robores</strong></span> <span class='ocrx_word' id='word_1_210' title='bbox 1807 2429 2115 2503; x_wconf 68' lang='lat' dir='ltr'><strong>seniorum,</strong></span> <span class='ocrx_word' id='word_1_211' title='bbox 2146 2448 2260 2510; x_wconf 79' lang='lat' dir='ltr'><strong>quo</strong></span> <span class='ocrx_word' id='word_1_212' title='bbox 2282 2426 2463 2487; x_wconf 76' lang='lat' dir='ltr'><strong>ritum</strong></span> 
     </span>
     <span class='ocr_line' id='line_1_26' title="bbox 215 2512 2463 2599; baseline -0 -22"><span class='ocrx_word' id='word_1_213' title='bbox 215 2512 478 2595; x_wconf 71' lang='lat' dir='ltr'><strong>paschae</strong></span> <span class='ocrx_word' id='word_1_214' title='bbox 514 2514 662 2575; x_wconf 80' lang='lat' dir='ltr'><strong>sieut</strong></span> <span class='ocrx_word' id='word_1_215' title='bbox 689 2516 1010 2597; x_wconf 67' lang='lat' dir='ltr'><strong>aeeeffl&#39;mus</strong></span> <span class='ocrx_word' id='word_1_216' title='bbox 1040 2536 1078 2576; x_wconf 89' lang='lat' dir='ltr'><strong>a</strong></span> <span class='ocrx_word' id='word_1_217' title='bbox 1108 2514 1428 2599; x_wconf 71' lang='lat' dir='ltr'><strong>majom‘bus</strong></span> <span class='ocrx_word' id='word_1_218' title='bbox 1458 2516 1759 2579; x_wconf 81' lang='lat' dir='ltr'><strong>observare</strong></span> <span class='ocrx_word' id='word_1_219' title='bbox 1780 2538 1909 2598; x_wconf 86' lang='lat' dir='ltr'><strong>per</strong></span> <span class='ocrx_word' id='word_1_220' title='bbox 1953 2527 2145 2578; x_wconf 86' lang='lat' dir='ltr'><strong>tuum</strong></span> <span class='ocrx_word' id='word_1_221' title='bbox 2161 2515 2463 2597; x_wconf 81' lang='lat' dir='ltr'><strong>possimus</strong></span> 
     </span>
     <span class='ocr_line' id='line_1_27' title="bbox 205 2600 2462 2688; baseline 0 -25"><span class='ocrx_word' id='word_1_222' title='bbox 205 2600 573 2686; x_wconf 77' lang='lat' dir='ltr'><strong>judicium</strong></span> <span class='ocrx_word' id='word_1_223' title='bbox 630 2603 692 2664; x_wconf 79' lang='lat' dir='ltr'><strong>in</strong></span> <span class='ocrx_word' id='word_1_224' title='bbox 752 2614 953 2666; x_wconf 78' lang='lat' dir='ltr'><strong>nostra</strong></span> <span class='ocrx_word' id='word_1_225' title='bbox 1003 2605 1503 2688; x_wconf 57' lang='lat' dir='ltr'><strong>pereffluationffl</strong></span> <span class='ocrx_word' id='word_1_226' title='bbox 1560 2610 1675 2687; x_wconf 91' lang='lat' dir='ltr'><strong>(ep.</strong></span> <span class='ocrx_word' id='word_1_227' title='bbox 1729 2610 1782 2681; x_wconf 95' lang='lat' dir='ltr'><strong>l,</strong></span> <span class='ocrx_word' id='word_1_228' title='bbox 1828 2630 1886 2685; x_wconf 90' lang='lat' dir='ltr'><strong>p.</strong></span> <span class='ocrx_word' id='word_1_229' title='bbox 1934 2608 2019 2666; x_wconf 77' lang='lat'><strong>24</strong></span> <span class='ocrx_word' id='word_1_230' title='bbox 2064 2607 2161 2683; x_wconf 84' lang='lat' dir='ltr'><strong>F).</strong></span> <span class='ocrx_word' id='word_1_231' title='bbox 2253 2607 2462 2683; x_wconf 88' lang='lat' dir='ltr'><strong>Neque</strong></span> 
     </span>
     <span class='ocr_line' id='line_1_28' title="bbox 222 2693 2461 2774; baseline 0.001 -24"><span class='ocrx_word' id='word_1_232' title='bbox 222 2693 353 2751; x_wconf 87' lang='lat' dir='ltr'><strong>ulla</strong></span> <span class='ocrx_word' id='word_1_233' title='bbox 409 2699 552 2752; x_wconf 91' lang='lat' dir='ltr'><strong>tunc</strong></span> <span class='ocrx_word' id='word_1_234' title='bbox 609 2694 673 2751; x_wconf 89' lang='lat' dir='ltr'><strong>in</strong></span> <span class='ocrx_word' id='word_1_235' title='bbox 726 2696 926 2754; x_wconf 88' lang='lat' dir='ltr'><strong>sedem</strong></span> <span class='ocrx_word' id='word_1_236' title='bbox 981 2696 1364 2774; x_wconf 87' lang='lat' dir='ltr'><strong>apostolicam</strong></span> <span class='ocrx_word' id='word_1_237' title='bbox 1420 2699 1806 2756; x_wconf 87' lang='lat' dir='ltr'><strong>exacerbatus</strong></span> <span class='ocrx_word' id='word_1_238' title='bbox 1861 2702 1991 2756; x_wconf 88' lang='lat' dir='ltr'><strong>erat</strong></span> <span class='ocrx_word' id='word_1_239' title='bbox 2035 2695 2461 2772; x_wconf 83' lang='lat' dir='ltr'><strong>indignatione,</strong></span> 
     </span>
     <span class='ocr_line' id='line_1_29' title="bbox 223 2780 2460 2865; baseline 0.001 -25"><span class='ocrx_word' id='word_1_240' title='bbox 223 2781 412 2840; x_wconf 84' lang='lat' dir='ltr'><strong>etiam</strong></span> <span class='ocrx_word' id='word_1_241' title='bbox 457 2788 598 2840; x_wconf 86' lang='lat' dir='ltr'><strong>tunc</strong></span> <span class='ocrx_word' id='word_1_242' title='bbox 643 2784 920 2862; x_wconf 86' lang='lat' dir='ltr'><strong>cupiebat</strong></span> <span class='ocrx_word' id='word_1_243' title='bbox 964 2804 1159 2844; x_wconf 79' lang='lat' dir='ltr'><strong>omnes</strong></span> <span class='ocrx_word' id='word_1_244' title='bbox 1203 2783 1329 2845; x_wconf 79' lang='lat' dir='ltr'><strong>sedi</strong></span> <span class='ocrx_word' id='word_1_245' title='bbox 1368 2782 1718 2865; x_wconf 82' lang='lat' dir='ltr'><strong>apostolicae</strong></span> <span class='ocrx_word' id='word_1_246' title='bbox 1735 2784 2151 2865; x_wconf 75' lang='lat' dir='ltr'><strong>praesidentes,</strong></span> <span class='ocrx_word' id='word_1_247' title='bbox 2198 2780 2460 2843; x_wconf 74' lang='lat' dir='ltr'><strong>dulcissi-</strong></span> 
     </span>
     <span class='ocr_line' id='line_1_30' title="bbox 224 2869 2461 2957; baseline 0 -27"><span class='ocrx_word' id='word_1_248' title='bbox 224 2889 356 2930; x_wconf 85' lang='lat' dir='ltr'><strong>mos</strong></span> <span class='ocrx_word' id='word_1_249' title='bbox 414 2869 675 2931; x_wconf 78' lang='lat' dir='ltr'><strong>omnibus</strong></span> <span class='ocrx_word' id='word_1_250' title='bbox 711 2869 1013 2955; x_wconf 75' lang='lat' dir='ltr'><strong>praesules</strong></span> <span class='ocrx_word' id='word_1_251' title='bbox 1036 2870 1343 2956; x_wconf 79' lang='lat' dir='ltr'><strong>fidelibus,</strong></span> <span class='ocrx_word' id='word_1_252' title='bbox 1391 2894 1462 2932; x_wconf 85' lang='lat' dir='ltr'><strong>ae</strong></span> <span class='ocrx_word' id='word_1_253' title='bbox 1505 2873 1710 2934; x_wconf 76' lang='lat' dir='ltr'><strong>merito</strong></span> <span class='ocrx_word' id='word_1_254' title='bbox 1756 2871 2055 2957; x_wconf 73' lang='lat' dir='ltr'><strong>apostolici</strong></span> <span class='ocrx_word' id='word_1_255' title='bbox 2095 2870 2329 2933; x_wconf 74' lang='lat' dir='ltr'><strong>honoris</strong></span> <span class='ocrx_word' id='word_1_256' title='bbox 2374 2890 2461 2932; x_wconf 89' lang='lat' dir='ltr'><strong>re·</strong></span> 
     </span>
     <span class='ocr_line' id='line_1_31' title="bbox 223 2958 2463 3040; baseline 0 -21"><span class='ocrx_word' id='word_1_257' title='bbox 223 2958 668 3020; x_wconf 71' lang='lat' dir='ltr'><strong>verendi-ssimos</strong></span> <span class='ocrx_word' id='word_1_258' title='bbox 715 2970 923 3040; x_wconf 80' lang='lat' dir='ltr'><strong>patres</strong></span> <span class='ocrx_word' id='word_1_259' title='bbox 980 2959 1213 3021; x_wconf 78' lang='lat' dir='ltr'><strong>visitare</strong></span> <span class='ocrx_word' id='word_1_260' title='bbox 1258 2962 1424 3037; x_wconf 87' lang='lat' dir='ltr'><strong>(ibid.</strong></span> <span class='ocrx_word' id='word_1_261' title='bbox 1469 2964 1574 3039; x_wconf 85' lang='lat' dir='ltr'><strong>D).</strong></span> <span class='ocrx_word' id='word_1_262' title='bbox 1663 2962 1829 3040; x_wconf 81' lang='lat' dir='ltr'><strong>Ergo</strong></span> <span class='ocrx_word' id='word_1_263' title='bbox 1884 2982 2004 3021; x_wconf 90' lang='lat' dir='ltr'><strong>non</strong></span> <span class='ocrx_word' id='word_1_264' title='bbox 2050 2963 2327 3022; x_wconf 89' lang='lat' dir='ltr'><strong>simulata</strong></span> <span class='ocrx_word' id='word_1_265' title='bbox 2373 2967 2463 3021; x_wconf 87' lang='lat' dir='ltr'><strong>est</strong></span> 
     </span>
     <span class='ocr_line' id='line_1_32' title="bbox 222 3049 2461 3130; baseline -0 -22"><span class='ocrx_word' id='word_1_266' title='bbox 222 3049 561 3109; x_wconf 84' lang='lat' dir='ltr'><strong>reverentia</strong></span> <span class='ocrx_word' id='word_1_267' title='bbox 621 3050 752 3122; x_wconf 90' lang='lat' dir='ltr'><strong>illa,</strong></span> <span class='ocrx_word' id='word_1_268' title='bbox 814 3070 930 3127; x_wconf 90' lang='lat' dir='ltr'><strong>qua</strong></span> <span class='ocrx_word' id='word_1_269' title='bbox 991 3055 1315 3109; x_wconf 90' lang='lat' dir='ltr'><strong>commotus</strong></span> <span class='ocrx_word' id='word_1_270' title='bbox 1375 3050 1682 3111; x_wconf 88' lang='lat' dir='ltr'><strong>Bonifatio</strong></span> <span class='ocrx_word' id='word_1_271' title='bbox 1743 3073 1934 3130; x_wconf 87' lang='lat' dir='ltr'><strong>papae</strong></span> <span class='ocrx_word' id='word_1_272' title='bbox 1983 3051 2312 3130; x_wconf 76' lang='lat' dir='ltr'><strong>&#39;epistulam</strong></span> <span class='ocrx_word' id='word_1_273' title='bbox 2372 3049 2461 3108; x_wconf 86' lang='lat' dir='ltr'><strong>in-</strong></span> 
     </span>
     <span class='ocr_line' id='line_1_33' title="bbox 223 3134 2462 3219; baseline -0.001 -21"><span class='ocrx_word' id='word_1_274' title='bbox 223 3139 469 3215; x_wconf 89' lang='lat' dir='ltr'><strong>scripsit</strong></span> <span class='ocrx_word' id='word_1_275' title='bbox 512 3144 582 3198; x_wconf 87' lang='lat' dir='ltr'><strong>ut</strong></span> <span class='ocrx_word' id='word_1_276' title='bbox 614 3134 1016 3216; x_wconf 66' lang='lat' dir='ltr'><strong>pdekerm&#39;mo</strong></span> <span class='ocrx_word' id='word_1_277' title='bbox 1063 3137 1323 3198; x_wconf 76' lang='lat' dir='ltr'><strong>omnium</strong></span> <span class='ocrx_word' id='word_1_278' title='bbox 1351 3137 1523 3199; x_wconf 82' lang='lat' dir='ltr'><strong>totius</strong></span> <span class='ocrx_word' id='word_1_279' title='bbox 1558 3136 1837 3219; x_wconf 79' lang='lat' dir='ltr'><strong>Europae</strong></span> <span class='ocrx_word' id='word_1_280' title='bbox 1866 3137 2233 3199; x_wconf 80' lang='lat' dir='ltr'><strong>ecelesiarum</strong></span> <span class='ocrx_word' id='word_1_281' title='bbox 2263 3136 2462 3216; x_wconf 79' lang='lat' dir='ltr'><strong>capiti,</strong></span> 
     </span>
     <span class='ocr_line' id='line_1_34' title="bbox 218 3224 2464 3309; baseline -0.001 -24"><span class='ocrx_word' id='word_1_282' title='bbox 218 3241 419 3309; x_wconf 83' lang='lat' dir='ltr'><strong>papae</strong></span> <span class='ocrx_word' id='word_1_283' title='bbox 425 3224 760 3307; x_wconf 77' lang='lat' dir='ltr'><strong>praedzdei,</strong></span> <span class='ocrx_word' id='word_1_284' title='bbox 771 3225 1078 3305; x_wconf 78' lang='lat' dir='ltr'><strong>praecelso</strong></span> <span class='ocrx_word' id='word_1_285' title='bbox 1093 3225 1374 3308; x_wconf 79' lang='lat' dir='ltr'><strong>praesuli,</strong></span> <span class='ocrx_word' id='word_1_286' title='bbox 1385 3236 1705 3307; x_wconf 85' lang='lat' dir='ltr'><strong>pastorum</strong></span> <span class='ocrx_word' id='word_1_287' title='bbox 1712 3227 1952 3309; x_wconf 78' lang='lat' dir='ltr'><strong>pastori</strong></span> <span class='ocrx_word' id='word_1_288' title='bbox 1970 3230 2085 3306; x_wconf 90' lang='lat' dir='ltr'><strong>(ep.</strong></span> <span class='ocrx_word' id='word_1_289' title='bbox 2104 3227 2161 3299; x_wconf 88' lang='lat'><strong>4,</strong></span> <span class='ocrx_word' id='word_1_290' title='bbox 2185 3249 2244 3304; x_wconf 91' lang='lat' dir='ltr'><strong>p.</strong></span> <span class='ocrx_word' id='word_1_291' title='bbox 2264 3227 2347 3284; x_wconf 81' lang='lat'><strong>28</strong></span> <span class='ocrx_word' id='word_1_292' title='bbox 2361 3225 2464 3302; x_wconf 85' lang='lat' dir='ltr'><strong>E),</strong></span> 
     </span>
     <span class='ocr_line' id='line_1_35' title="bbox 227 3315 2464 3396; baseline -0.001 -21"><span class='ocrx_word' id='word_1_293' title='bbox 227 3336 368 3393; x_wconf 83' lang='lat' dir='ltr'><strong>ergo</strong></span> <span class='ocrx_word' id='word_1_294' title='bbox 413 3335 535 3374; x_wconf 91' lang='lat' dir='ltr'><strong>non</strong></span> <span class='ocrx_word' id='word_1_295' title='bbox 580 3316 889 3375; x_wconf 85' lang='lat' dir='ltr'><strong>blanditiis</strong></span> <span class='ocrx_word' id='word_1_296' title='bbox 932 3338 1073 3377; x_wconf 88' lang='lat' dir='ltr'><strong>usus</strong></span> <span class='ocrx_word' id='word_1_297' title='bbox 1122 3349 1200 3362; x_wconf 87' lang='lat'><strong>-—-</strong></span> <span class='ocrx_word' id='word_1_298' title='bbox 1250 3318 1518 3396; x_wconf 84' lang='lat' dir='ltr'><strong>profecto</strong></span> <span class='ocrx_word' id='word_1_299' title='bbox 1564 3317 1850 3377; x_wconf 83' lang='lat' dir='ltr'><strong>Columba</strong></span> <span class='ocrx_word' id='word_1_300' title='bbox 1895 3336 2015 3376; x_wconf 88' lang='lat' dir='ltr'><strong>non</strong></span> <span class='ocrx_word' id='word_1_301' title='bbox 2061 3317 2111 3375; x_wconf 88' lang='lat' dir='ltr'><strong>is</strong></span> <span class='ocrx_word' id='word_1_302' title='bbox 2159 3320 2312 3388; x_wconf 88' lang='lat' dir='ltr'><strong>erat,</strong></span> <span class='ocrx_word' id='word_1_303' title='bbox 2359 3315 2464 3392; x_wconf 91' lang='lat' dir='ltr'><strong>qui</strong></span> 
     </span>
     <span class='ocr_line' id='line_1_36' title="bbox 225 3400 2460 3487; baseline -0.002 -21"><span class='ocrx_word' id='word_1_304' title='bbox 225 3405 600 3466; x_wconf 88' lang='lat' dir='ltr'><strong>blandiretur</strong></span> <span class='ocrx_word' id='word_1_305' title='bbox 643 3439 731 3451; x_wconf 89' lang='lat'>—</span> <span class='ocrx_word' id='word_1_306' title='bbox 787 3449 814 3478; x_wconf 92' lang='lat'>„</span> <span class='ocrx_word' id='word_1_307' title='bbox 824 3400 1008 3478; x_wconf 80' lang='lat' dir='ltr'><strong>libere,</strong></span> <span class='ocrx_word' id='word_1_308' title='bbox 1054 3406 1267 3482; x_wconf 87' lang='lat' dir='ltr'><strong>inquit,</strong></span> <span class='ocrx_word' id='word_1_309' title='bbox 1315 3403 1551 3487; x_wconf 75' lang='lat' dir='ltr'><strong>eloquar</strong></span> <span class='ocrx_word' id='word_1_310' title='bbox 1598 3407 1816 3485; x_wconf 89' lang='lat' dir='ltr'><strong>[papis]</strong></span> <span class='ocrx_word' id='word_1_311' title='bbox 1847 3404 2060 3466; x_wconf 77' lang='lat' dir='ltr'><strong>nostris</strong></span> <span class='ocrx_word' id='word_1_312' title='bbox 2098 3413 2292 3485; x_wconf 83' lang='lat' dir='ltr'><strong>utpote</strong></span> <span class='ocrx_word' id='word_1_313' title='bbox 2335 3423 2460 3463; x_wconf 86' lang='lat' dir='ltr'><strong>ma-</strong></span> 
     </span>
     <span class='ocr_line' id='line_1_37' title="bbox 222 3490 2462 3575; baseline -0.001 -22"><span class='ocrx_word' id='word_1_314' title='bbox 222 3492 420 3575; x_wconf 58' lang='lat' dir='ltr'><strong>fietus</strong></span> <span class='ocrx_word' id='word_1_315' title='bbox 464 3512 535 3553; x_wconf 86' lang='lat' dir='ltr'><strong>ae</strong></span> <span class='ocrx_word' id='word_1_316' title='bbox 580 3490 900 3573; x_wconf 76' lang='lat' dir='ltr'><strong>spim’tualis</strong></span> <span class='ocrx_word' id='word_1_317' title='bbox 943 3494 1109 3554; x_wconf 76' lang='lat' dir='ltr'><strong>navis</strong></span> <span class='ocrx_word' id='word_1_318' title='bbox 1150 3493 1663 3575; x_wconf 63' lang='lat' dir='ltr'><strong>yubermatoribus“</strong></span> <span class='ocrx_word' id='word_1_319' title='bbox 1716 3496 1821 3572; x_wconf 85' lang='lat' dir='ltr'><strong>(ib.</strong></span> <span class='ocrx_word' id='word_1_320' title='bbox 1871 3497 1954 3554; x_wconf 81' lang='lat'><strong>28</strong></span> <span class='ocrx_word' id='word_1_321' title='bbox 2003 3494 2103 3571; x_wconf 75' lang='lat' dir='ltr'><strong>G),</strong></span> <span class='ocrx_word' id='word_1_322' title='bbox 2158 3513 2299 3570; x_wconf 83' lang='lat' dir='ltr'><strong>ergo</strong></span> <span class='ocrx_word' id='word_1_323' title='bbox 2345 3512 2462 3551; x_wconf 90' lang='lat' dir='ltr'><strong>non</strong></span> 
     </span>
     <span class='ocr_line' id='line_1_38' title="bbox 223 3577 2463 3656; baseline -0.001 -13"><span class='ocrx_word' id='word_1_324' title='bbox 223 3583 366 3643; x_wconf 88' lang='lat' dir='ltr'><strong>ficta</strong></span> <span class='ocrx_word' id='word_1_325' title='bbox 411 3588 541 3642; x_wconf 87' lang='lat' dir='ltr'><strong>erat</strong></span> <span class='ocrx_word' id='word_1_326' title='bbox 586 3583 963 3642; x_wconf 87' lang='lat' dir='ltr'><strong>oboedientia</strong></span> <span class='ocrx_word' id='word_1_327' title='bbox 1008 3584 1287 3643; x_wconf 84' lang='lat' dir='ltr'><strong>dicentis:</strong></span> <span class='ocrx_word' id='word_1_328' title='bbox 1343 3604 1483 3656; x_wconf 80' lang='lat' dir='ltr'><strong>„uos</strong></span> <span class='ocrx_word' id='word_1_329' title='bbox 1529 3583 1682 3644; x_wconf 75' lang='lat' dir='ltr'><strong>euim</strong></span> <span class='ocrx_word' id='word_1_330' title='bbox 1725 3578 1838 3643; x_wconf 83' lang='lat' dir='ltr'><strong>SS.</strong></span> <span class='ocrx_word' id='word_1_331' title='bbox 1879 3582 2048 3644; x_wconf 76' lang='lat' dir='ltr'><strong>Petri</strong></span> <span class='ocrx_word' id='word_1_332' title='bbox 2089 3591 2140 3641; x_wconf 86' lang='lat' dir='ltr'><strong>et</strong></span> <span class='ocrx_word' id='word_1_333' title='bbox 2184 3577 2369 3641; x_wconf 78' lang='lat' dir='ltr'><strong>Pauli</strong></span> <span class='ocrx_word' id='word_1_334' title='bbox 2410 3586 2463 3640; x_wconf 86' lang='lat' dir='ltr'><strong>et</strong></span> 
     </span>
     <span class='ocr_line' id='line_1_39' title="bbox 224 3667 2464 3753; baseline -0.002 -20"><span class='ocrx_word' id='word_1_335' title='bbox 224 3670 489 3734; x_wconf 71' lang='lat' dir='ltr'><strong>omnium</strong></span> <span class='ocrx_word' id='word_1_336' title='bbox 533 3670 958 3750; x_wconf 69' lang='lat' dir='ltr'><strong>discipulorum</strong></span> <span class='ocrx_word' id='word_1_337' title='bbox 1002 3670 1266 3733; x_wconf 73' lang='lat' dir='ltr'><strong>diuinum</strong></span> <span class='ocrx_word' id='word_1_338' title='bbox 1308 3692 1586 3733; x_wconf 76' lang='lat' dir='ltr'><strong>canonem</strong></span> <span class='ocrx_word' id='word_1_339' title='bbox 1616 3667 1843 3753; x_wconf 54' lang='lat' dir='ltr'><strong>spiritu</strong></span> <span class='ocrx_word' id='word_1_340' title='bbox 1872 3680 2067 3733; x_wconf 78' lang='lat' dir='ltr'><strong>saneto</strong></span> <span class='ocrx_word' id='word_1_341' title='bbox 2097 3668 2464 3730; x_wconf 75' lang='lat' dir='ltr'><strong>scribentium</strong></span> 
     </span>
     <span class='ocr_line' id='line_1_40' title="bbox 174 3756 2463 3843; baseline -0.001 -22"><span class='ocrx_word' id='word_1_342' title='bbox 174 3808 181 3814; x_wconf 93' lang='lat'><strong>.</strong></span> <span class='ocrx_word' id='word_1_343' title='bbox 221 3758 502 3843; x_wconf 76' lang='lat' dir='ltr'><strong>disetpuli</strong></span> <span class='ocrx_word' id='word_1_344' title='bbox 540 3777 760 3831; x_wconf 83' lang='lat' dir='ltr'><strong>sumus,</strong></span> <span class='ocrx_word' id='word_1_345' title='bbox 804 3760 908 3821; x_wconf 82' lang='lat' dir='ltr'><strong>toti</strong></span> <span class='ocrx_word' id='word_1_346' title='bbox 934 3758 1157 3822; x_wconf 80' lang='lat' dir='ltr'><strong>Heberi</strong></span> <span class='ocrx_word' id='word_1_347' title='bbox 1199 3762 1308 3840; x_wconf 89' lang='lat'><strong>[=</strong></span> <span class='ocrx_word' id='word_1_348' title='bbox 1341 3781 1541 3821; x_wconf 89' lang='lat' dir='ltr'><strong>omnes</strong></span> <span class='ocrx_word' id='word_1_349' title='bbox 1570 3763 1868 3840; x_wconf 84' lang='lat' dir='ltr'><strong>Hiberni],</strong></span> <span class='ocrx_word' id='word_1_350' title='bbox 1900 3758 2092 3820; x_wconf 74' lang='lat' dir='ltr'><strong>ultimi</strong></span> <span class='ocrx_word' id='word_1_351' title='bbox 2116 3756 2463 3819; x_wconf 78' lang='lat' dir='ltr'><strong>habitatores</strong></span> 
     </span>
     <span class='ocr_line' id='line_1_41' title="bbox 218 3846 2462 3930; baseline -0.001 -20"><span class='ocrx_word' id='word_1_352' title='bbox 218 3848 437 3910; x_wconf 70' lang='lat' dir='ltr'><strong>muudi</strong></span> <span class='ocrx_word' id='word_1_353' title='bbox 455 3846 600 3909; x_wconf 75' lang='lat' dir='ltr'><em>nihil</em></span> <span class='ocrx_word' id='word_1_354' title='bbox 620 3858 787 3910; x_wconf 74' lang='lat' dir='ltr'><strong>extra</strong></span> <span class='ocrx_word' id='word_1_355' title='bbox 810 3848 1195 3930; x_wconf 71' lang='lat' dir='ltr'><strong>evanyelieam</strong></span> <span class='ocrx_word' id='word_1_356' title='bbox 1217 3859 1268 3909; x_wconf 85' lang='lat' dir='ltr'><strong>et</strong></span> <span class='ocrx_word' id='word_1_357' title='bbox 1291 3847 1672 3930; x_wconf 79' lang='lat' dir='ltr'><strong>apostolicam</strong></span> <span class='ocrx_word' id='word_1_358' title='bbox 1693 3850 2021 3910; x_wconf 64' lang='lat' dir='ltr'><strong>doctrinam</strong></span> <span class='ocrx_word' id='word_1_359' title='bbox 2041 3846 2370 3928; x_wconf 61' lang='lat' dir='ltr'><strong>recipientes</strong></span> <span class='ocrx_word' id='word_1_360' title='bbox 2385 3894 2399 3909; x_wconf 84' lang='lat'><strong>.</strong></span> <span class='ocrx_word' id='word_1_361' title='bbox 2416 3890 2429 3906; x_wconf 93' lang='lat'><strong>.</strong></span> <span class='ocrx_word' id='word_1_362' title='bbox 2445 3888 2462 3907; x_wconf 88' lang='lat'><strong>.</strong></span> 
     </span>
     <span class='ocr_line' id='line_1_42' title="bbox 196 3934 2462 4023; baseline -0.001 -25"><span class='ocrx_word' id='word_1_363' title='bbox 196 3937 366 4023; x_wconf 81' lang='lat' dir='ltr'><strong>fides</strong></span> <span class='ocrx_word' id='word_1_364' title='bbox 410 3934 695 3998; x_wconf 78' lang='lat' dir='ltr'><strong>catholiea</strong></span> <span class='ocrx_word' id='word_1_365' title='bbox 735 3937 881 3998; x_wconf 85' lang='lat' dir='ltr'><strong>sieut</strong></span> <span class='ocrx_word' id='word_1_366' title='bbox 923 3958 964 3997; x_wconf 90' lang='lat' dir='ltr'><strong>a</strong></span> <span class='ocrx_word' id='word_1_367' title='bbox 992 3937 1149 3999; x_wconf 78' lang='lat' dir='ltr'><strong>vobis</strong></span> <span class='ocrx_word' id='word_1_368' title='bbox 1167 3938 1439 4019; x_wconf 74' lang='lat' dir='ltr'><strong>primum</strong></span> <span class='ocrx_word' id='word_1_369' title='bbox 1467 3947 1800 3999; x_wconf 77' lang='lat' dir='ltr'><strong>sanctorum</strong></span> <span class='ocrx_word' id='word_1_370' title='bbox 1828 3936 2042 3999; x_wconf 80' lang='lat' dir='ltr'><strong>seilicet</strong></span> <span class='ocrx_word' id='word_1_371' title='bbox 2062 3935 2462 4020; x_wconf 80' lang='lat' dir='ltr'><strong>apostolorum</strong></span> 
     </span>
     <span class='ocr_line' id='line_1_43' title="bbox 221 4023 2459 4107; baseline -0.002 -18"><span class='ocrx_word' id='word_1_372' title='bbox 221 4023 643 4089; x_wconf 68' lang='lat' dir='ltr'><strong>successoribus</strong></span> <span class='ocrx_word' id='word_1_373' title='bbox 700 4025 923 4087; x_wconf 77' lang='lat' dir='ltr'><strong>tradita</strong></span> <span class='ocrx_word' id='word_1_374' title='bbox 981 4036 1062 4088; x_wconf 87' lang='lat' dir='ltr'><strong>est</strong></span> <span class='ocrx_word' id='word_1_375' title='bbox 1124 4029 1322 4107; x_wconf 78' lang='lat' dir='ltr'><strong>[apud.</strong></span> <span class='ocrx_word' id='word_1_376' title='bbox 1365 4029 1497 4106; x_wconf 91' lang='lat' dir='ltr'><strong>nos]</strong></span> <span class='ocrx_word' id='word_1_377' title='bbox 1546 4026 1883 4088; x_wconf 78' lang='lat' dir='ltr'><strong>inconeussa</strong></span> <span class='ocrx_word' id='word_1_378' title='bbox 1928 4036 2145 4088; x_wconf 79' lang='lat' dir='ltr'><strong>tenetur</strong></span> <span class='ocrx_word' id='word_1_379' title='bbox 2162 4027 2188 4063; x_wconf 79' lang='lat'>1</span> <span class='ocrx_word' id='word_1_380' title='bbox 2235 4028 2352 4104; x_wconf 88' lang='lat' dir='ltr'><strong>(ep.</strong></span> <span class='ocrx_word' id='word_1_381' title='bbox 2400 4024 2459 4097; x_wconf 85' lang='lat'><strong>4,</strong></span> 
     </span>
    </p>
   </div>
   <div class='ocr_carea' id='block_1_3' title="bbox 221 4134 653 4144">
    <p class='ocr_par' dir='ltr' id='par_1_4' title="bbox 221 4134 653 4144">
     <span class='ocr_line' id='line_1_44' title="bbox 221 4134 653 4144; baseline 0 765"><span class='ocrx_word' id='word_1_382' title='bbox 221 4134 653 4144; x_wconf 95' lang='lat' dir='ltr'><strong> </strong></span> 
     </span>
    </p>
   </div>
   <div class='ocr_carea' id='block_1_4' title="bbox 218 4161 2462 4375">
    <p class='ocr_par' dir='ltr' id='par_1_5' title="bbox 218 4161 2462 4375">
     <span class='ocr_line' id='line_1_45' title="bbox 218 4161 2462 4235; baseline -0.002 -16"><span class='ocrx_word' id='word_1_383' title='bbox 218 4179 232 4202; x_wconf 74' lang='lat'><strong>‘-</strong></span> <span class='ocrx_word' id='word_1_384' title='bbox 372 4167 396 4199; x_wconf 85' lang='lat'><strong>¹</strong></span> <span class='ocrx_word' id='word_1_385' title='bbox 434 4165 730 4233; x_wconf 70' lang='lat' dir='ltr'><strong>Quomodo</strong></span> <span class='ocrx_word' id='word_1_386' title='bbox 757 4164 1051 4219; x_wconf 86' lang='lat' dir='ltr'><strong>Ebrardus</strong></span> <span class='ocrx_word' id='word_1_387' title='bbox 1088 4167 1166 4234; x_wconf 87' lang='lat' dir='ltr'><strong>(p.</strong></span> <span class='ocrx_word' id='word_1_388' title='bbox 1198 4166 1289 4235; x_wconf 78' lang='lat'><strong>15)</strong></span> <span class='ocrx_word' id='word_1_389' title='bbox 1326 4165 1386 4218; x_wconf 90' lang='lat' dir='ltr'><strong>in</strong></span> <span class='ocrx_word' id='word_1_390' title='bbox 1422 4165 1509 4219; x_wconf 86' lang='lat' dir='ltr'><strong>his</strong></span> <span class='ocrx_word' id='word_1_391' title='bbox 1546 4164 1733 4218; x_wconf 86' lang='lat' dir='ltr'><strong>verbis</strong></span> <span class='ocrx_word' id='word_1_392' title='bbox 1766 4165 2150 4220; x_wconf 85' lang='lat' dir='ltr'><strong>testimonium</strong></span> <span class='ocrx_word' id='word_1_393' title='bbox 2176 4161 2462 4217; x_wconf 89' lang='lat' dir='ltr'><strong>invenerit</strong></span> 
     </span>
     <span class='ocr_line' id='line_1_46' title="bbox 222 4234 2460 4308; baseline -0.003 -15"><span class='ocrx_word' id='word_1_394' title='bbox 222 4275 239 4306; x_wconf 93' lang='lat'><strong>,</strong></span> <span class='ocrx_word' id='word_1_395' title='bbox 244 4240 366 4308; x_wconf 79' lang='lat' dir='ltr'><strong>,fu’r</strong></span> <span class='ocrx_word' id='word_1_396' title='bbox 401 4238 504 4292; x_wconf 86' lang='lat' dir='ltr'><strong>das</strong></span> <span class='ocrx_word' id='word_1_397' title='bbox 539 4236 993 4291; x_wconf 79' lang='lat' dir='ltr'><strong>ausschliessliehe</strong></span> <span class='ocrx_word' id='word_1_398' title='bbox 1016 4236 1264 4291; x_wconf 74' lang='lat' dir='ltr'><strong>Anseheu</strong></span> <span class='ocrx_word' id='word_1_399' title='bbox 1300 4237 1395 4291; x_wconf 82' lang='lat' dir='ltr'><strong>der</strong></span> <span class='ocrx_word' id='word_1_400' title='bbox 1432 4236 1502 4291; x_wconf 78' lang='lat' dir='ltr'><strong>hl.</strong></span> <span class='ocrx_word' id='word_1_401' title='bbox 1528 4235 1793 4303; x_wconf 79' lang='lat' dir='ltr'><strong>Schrift“,</strong></span> <span class='ocrx_word' id='word_1_402' title='bbox 1832 4255 1946 4291; x_wconf 87' lang='lat' dir='ltr'><strong>non</strong></span> <span class='ocrx_word' id='word_1_403' title='bbox 1984 4236 2272 4306; x_wconf 87' lang='lat' dir='ltr'><strong>intellego.</strong></span> <span class='ocrx_word' id='word_1_404' title='bbox 2337 4234 2460 4287; x_wconf 90' lang='lat' dir='ltr'><strong>Ad·</strong></span> 
     </span>
     <span class='ocr_line' id='line_1_47' title="bbox 222 4305 2461 4375; baseline -0.003 -10"><span class='ocrx_word' id='word_1_405' title='bbox 222 4312 335 4365; x_wconf 91' lang='lat' dir='ltr'><strong>huc</strong></span> <span class='ocrx_word' id='word_1_406' title='bbox 381 4309 535 4363; x_wconf 90' lang='lat' dir='ltr'><strong>enim</strong></span> <span class='ocrx_word' id='word_1_407' title='bbox 579 4312 808 4362; x_wconf 88' lang='lat' dir='ltr'><strong>nostrae</strong></span> <span class='ocrx_word' id='word_1_408' title='bbox 859 4307 1062 4361; x_wconf 88' lang='lat' dir='ltr'><strong>aetatis</strong></span> <span class='ocrx_word' id='word_1_409' title='bbox 1116 4307 1382 4363; x_wconf 87' lang='lat' dir='ltr'><strong>catholici</strong></span> <span class='ocrx_word' id='word_1_410' title='bbox 1432 4307 1635 4361; x_wconf 89' lang='lat' dir='ltr'><strong>iisdem</strong></span> <span class='ocrx_word' id='word_1_411' title='bbox 1672 4308 1857 4361; x_wconf 87' lang='lat' dir='ltr'><strong>verbis</strong></span> <span class='ocrx_word' id='word_1_412' title='bbox 1895 4309 1978 4361; x_wconf 92' lang='lat' dir='ltr'><strong>uti</strong></span> <span class='ocrx_word' id='word_1_413' title='bbox 2015 4310 2277 4375; x_wconf 87' lang='lat' dir='ltr'><strong>possunt,</strong></span> <span class='ocrx_word' id='word_1_414' title='bbox 2327 4305 2461 4374; x_wconf 88' lang='lat' dir='ltr'><strong>quia</strong></span> 
     </span>
    </p>
   </div>
   <div class='ocr_carea' id='block_1_5' title="bbox 3015 1 3017 676">
    <p class='ocr_par' dir='ltr' id='par_1_6' title="bbox 3015 1 3017 676">
     <span class='ocr_line' id='line_1_48' title="bbox 3015 1 3017 676; baseline 0 0"><span class='ocrx_word' id='word_1_415' title='bbox 3015 1 3017 676; x_wconf 95' lang='lat' dir='ltr'><strong> </strong></span> 
     </span>
    </p>
   </div>
  </div>
 </body>
</html>
