3025 4909
1147 199 1590 257 -31-

220 378 384 454 (vit.
414 377 663 454 Ethyld.
701 397 748 436 8.
783 377 867 436 35
908 378 949 435 l.
980 397 1029 436 8.
1075 398 1134 455 p.
1169 377 1322 454 755)
1368 376 1853 438 consentiendum
1900 384 1991 438 est
2034 378 2286 439 (1188811.
2331 377 2488 441 unde

229 463 588 567 mlliqitur
629 464 785 526 viros
828 473 880 525 et
923 463 1188 525 mulieres
1233 464 1297 525 in
1341 465 1543 527 eodem
1597 463 1777 526 simul
1825 467 2174 527 monasterio
2217 464 2487 542 caelibem

228 554 515 615 detrita-sse
556 553 751 614 vitam.
812 554 988 614 Hanc
1032 555 1188 614 enim
1235 554 1592 615 sententiam
1633 529 1905 633 pluribus
1948 555 2117 615 Beda
2162 555 2486 618 confirmat

430 644 585 703 Nam
629 644 885 722 primum
931 643 1197 703 dubitari
1240 664 1360 703 non
1405 649 1623 722 potest,
1671 644 1816 722 quin
1861 652 2102 723 praeter
2132 646 2486 705 monasteria

241 734 541 804 virorum,
597 739 667 793 ut
710 732 1198 792 Lindisfarnense
1244 733 1436 809 (Beda
1482 734 1589 792 vit.
1637 732 1827 792 Cudb.
1873 732 2061 806 XVI,
2107 734 2145 811 ἓ
2195 734 2305 804 25,
2353 733 2485 794 Sto-

244 842 479 882 venson
523 820 610 895 ΙΙ,
656 843 714 900 p.
750 822 876 898 79),
923 828 986 881 81
1029 821 1331 899 virginum
1377 823 1473 881 vel
1526 823 1866 899 puellarum.
1903 824 2001 899 (cf.
2046 843 2226 900 supra
2269 844 2327 902 p.
2378 825 2487 901 70)

248 920 323 971 ut
353 911 632 971 Vetadun
664 909 858 987 (Beda
902 912 957 969 h.
990 931 1039 969 e.
1075 911 1130 983 5,
1164 912 1223 988 3,
1259 911 1294 988 ξ
1330 910 1485 988 364)
1533 912 1829 989 permulta
1872 917 2016 970 tunc
2061 912 2124 970 in
2169 912 2488 973 Britannia

248 1000 479 1059 fuerint
523 999 784 1077 duplicia
829 1000 1189 1059 monasteria
1231 1000 1271 1061 i.
1318 1020 1366 1057 8.
1411 1000 1798 1074 monasteria,
1858 1020 2011 1078 quae
2057 1002 2133 1059 ab
2179 1000 2486 1078 utriusque

248 1109 428 1150 sexus
487 1089 789 1148 monachis
847 1088 1272 1161 incolerentur;
1347 1089 1590 1149 nomino
1640 1088 2259 1164 Strenaeshalenense,
2329 1089 2489 1167 quod

247 1178 382 1257 ipse
424 1177 594 1236 Beda
635 1174 1012 1259 famulorum
1052 1174 1546 1260 famularumque
1592 1173 1717 1238 Da·
1755 1177 2169 1238 monasterium
2221 1179 2489 1238 nominat

246 1268 337 1343 (11.
369 1287 417 1325 8.
451 1267 510 1338 4,
545 1267 648 1339 26,
692 1268 728 1344 ξ
762 1267 934 1342 341),
981 1265 1196 1325 Coludi
1238 1267 1445 1325 urbem
1493 1268 1574 1343 (11.
1607 1286 1655 1325 8.
1689 1266 1748 1340 4,
1783 1267 1884 1341 25,
1918 1267 1954 1344 ξ
1992 1268 2162 1343 338),
2206 1266 2487 1326 Hacanos

246 1356 337 1430 (h.
370 1375 418 1413 e.
451 1355 510 1426 4,
544 1355 648 1427 23,
695 1356 731 1432 g
766 1355 939 1430 329),
984 1355 1324 1414 Beartaneu
1370 1355 1452 1432 (11.
1483 1376 1533 1414 8.
1563 1353 1639 1433 ’3,
1678 1357 1776 1428 11,
1824 1356 1860 1433 ξ
1899 1357 2049 1433 182)
2095 1355 2488 1433 Berecingum

244 1445 337 1519 (11.
377 1464 426 1502 8.
469 1444 527 1513 4,
573 1446 629 1517 7,
676 1444 713 1521 ξ
758 1444 930 1522 275).
1019 1443 1341 1503 Maximam
1385 1451 1622 1523 partem
1667 1445 2024 1504 monasteria
2070 1444 2382 1504 Scotorum
2425 1445 2488 1503 in

248 1531 571 1592 Britannia
623 1532 882 1611 duplicia
940 1533 1120 1593 fuisse
1164 1532 1449 1594 videntur
1463 1578 1477 1606 ,
1550 1539 1710 1593 certe
1768 1532 2067 1610 virginum
2127 1534 2485 1593 monasteria

245 1621 550 1686 rarissime
595 1622 996 1682 inveniuntur.
1073 1622 1363 1682 Omnibus
1406 1623 1527 1682 illis
1571 1622 1942 1682 monasteriis
1986 1623 2321 1700 duplicibus
2365 1643 2484 1682 888

248 1711 559 1771 abbatissa
603 1717 894 1788 praeerat.
970 1712 1136 1791 Ergo
1183 1711 1248 1770 in
1290 1712 1402 1770 hoc
1445 1710 1645 1789 priore
1691 1710 1948 1771 Thomas
1993 1731 2113 1769 non
2157 1712 2397 1772 erravit.

430 1798 639 1876 Neque
683 1799 757 1858 de
802 1801 1023 1861 caelibe
1068 1801 1219 1874 vita,
1290 1820 1467 1876 quam
1529 1808 1591 1859 et
1649 1799 1809 1861 viros
1867 1806 1930 1859 et
1985 1800 2235 1859 feminas
2294 1801 2484 1877 egisse

249 1887 514 1961 censuit,
584 1888 859 1948 dubitare
902 1890 1058 1949 licet.
1150 1888 1327 1949 Certe
1373 1889 1541 1948 Beda
1586 1909 1702 1948 non
1765 1889 2066 1948 dubitavit
2082 1932 2096 1960 ,
2167 1909 2303 1947 nam
2364 1908 2484 1947 mo·

254 1976 578 2036 nachorum
624 1978 812 2037 vitam
864 1979 1144 2057 opposuit
1200 1979 1361 2037 vitae
1420 1978 1708 2037 saeculari
1766 1977 1848 2053 (h.
1892 1999 1940 2039 e.
1983 1978 2041 2049 4,
2083 1978 2185 2050 23,
2232 1978 2267 2055 ξ
2312 1978 2484 2054 323),

249 2065 568 2125 monachas
616 2067 941 2145 appellavit
985 2068 1247 2145 virgines
1293 2067 1402 2126 deo
1449 2066 1699 2139 dicatas,
1745 2086 1990 2145 sponsas
2036 2065 2261 2125 Christi
2306 2067 2389 2141 (11.
2436 2085 2486 2124 e.

253 2155 316 2226 4,
351 2154 452 2227 20,
498 2156 533 2232 ἓ
567 2155 643 2213 31
657 2155 739 2232 5),
783 2161 1106 2234 perpetuae
1151 2155 1485 2232 virginitati
1530 2162 1924 2228 consecratas,
1991 2160 2051 2214 et
2094 2175 2227 2214 cum
2270 2155 2485 2215 sancti·

248 2244 567 2302 monialem
642 2245 940 2321 quandam
990 2243 1289 2326 femiam
1357 2244 1421 2303 in
1489 2244 1846 2303 monasterio
1912 2244 2240 2321 Berecingo
2307 2245 2486 2302 fuisse

246 2339 488 2404 narrat,
558 2333 669 2392 tali
731 2353 1000 2393 sermone
1056 2334 1278 2406 utitur,
1346 2339 1417 2393 ut
1450 2353 1600 2396 ..eam
1644 2338 1787 2392 tunc
1840 2332 1904 2390 in
1946 2331 2321 2391 matrimonio
2366 2350 2486 2390 non

246 2419 470 2479 vixisse
533 2429 820 2499 appareat
875 2423 956 2499 (h.
1004 2443 1051 2481 e.
1100 2421 1159 2494 4,
1207 2424 1264 2494 9,
1309 2422 1345 2499 ξ
1395 2423 1577 2497 279),
1639 2439 1863 2480 necnon
1922 2421 1995 2479 de
2054 2420 2342 2480 fratribus
2399 2420 2485 2480 818

252 2509 537 2585 loquitur,
584 2515 653 2568 81
697 2512 948 2571 caelibes
993 2531 1093 2571 eos
1133 2531 1252 2570 non
1281 2510 1461 2570 fuisse
1490 2516 1703 2587 putare
1733 2529 1853 2568 808
1883 2510 2060 2570 118881
2090 2510 2171 2585 (11.
2204 2530 2253 2569 8.
2289 2510 2346 2581 3,
2381 2510 2483 2582 26,

250 2597 291 2674 ξ
327 2597 482 2669 238;
515 2597 573 2670 4,
606 2599 663 2672 4,
697 2600 733 2676 ξ
768 2601 939 2679 266).
1001 2600 1216 2677 Itaque
1261 2619 1377 2677 pro
1403 2605 1565 2658 certo
1596 2598 1931 2658 habendum
1963 2603 2053 2658 est
2079 2598 2485 2675 Heriburgam

250 2684 621 2744 abbatissam
639 2730 653 2758 ‚
722 2692 888 2762 cujus
936 2687 1079 2772 filia
1122 2684 1375 2749 carnalis
1434 2687 1499 2746 18
1560 2688 1915 2748 monasterio
1976 2686 2184 2747 matris
2244 2687 2486 2747 vivebat

248 2774 337 2849 (h.
371 2793 421 2831 8.
457 2773 515 2847 5,
550 2773 606 2846 3,
639 2775 676 2851 ξ
712 2775 883 2852 364),
913 2778 1209 2854 prioribus
1254 2776 1473 2842 aetatis
1514 2796 1657 2835 suae
1698 2777 2066 2855 temporibus
2109 2775 2289 2835 fuisse
2333 2795 2485 2854 nup-

250 2870 406 2934 tam;
474 2862 566 2920 sin
627 2863 804 2922 aliter
855 2884 952 2924 res
1006 2886 1130 2926 sese
1174 2866 1505 2936 habuisset,
1551 2864 1720 2924 Beda
1779 2873 1886 2925 aut
1944 2866 2119 2943 plura
2178 2872 2282 2924 aut
2339 2864 2490 2923 811111

248 2951 518 3025 dixisset,
565 2972 702 3011 nam
733 2954 985 3015 abbates
1011 2956 1107 3014 vel
1153 2955 1488 3014 abbatissas
1533 2954 1751 3013 liberos
1795 2974 2123 3032 procreare,
2169 2954 2489 3024 nefandum

251 3040 573 3100 videbatur
616 3041 834 3102 Bedae.
927 3044 1060 3105 Non
1123 3043 1280 3102 enim
1338 3042 1656 3119 ignorabat
1715 3043 2004 3119 ejusmodi
2062 3044 2310 3103 abbates
2367 3042 2487 3101 suis

252 3128 441 3207 ipsius
471 3131 840 3208 temporibus
868 3133 933 3192 in
963 3131 1282 3191 Britannia
1311 3151 1436 3190 esse
1468 3132 1666 3210 (epist.
1698 3133 1776 3190 ad
1804 3132 2086 3208 Ecgbert.
2119 3131 2155 3208 ξ
2193 3132 2215 3189 1
2240 3132 2267 3188 1
2299 3138 2360 3190 81
2389 3129 2486 3204 13,

253 3216 420 3277 Stev.
450 3218 536 3292 Π,
566 3241 625 3297 p.
662 3221 786 3278 217
822 3224 994 3299 sqq.).
1070 3220 1266 3299 Atqui
1310 3240 1501 3297 neque
1550 3219 1714 3280 Scoti
1761 3230 1933 3279 erant
1977 3239 2167 3297 neque
2214 3219 2486 3279 monachi

252 3306 359 3365 sed
403 3309 732 3369 saeculares
776 3309 1066 3383 homines3
1134 3317 1197 3368 et
1257 3308 1551 3388 expressis
1612 3309 1809 3368 verbis
1869 3308 2037 3367 Beda
2082 3308 2342 3367 affirmat
2385 3328 2487 3367 ne·

252 3396 498 3456 fandum
542 3396 710 3457 illum
756 3418 1002 3471 morem,
1068 3399 1225 3475 quod
1284 3398 1535 3458 abbates
1593 3397 1667 3456 de
1721 3398 1888 3458 laicis
1944 3397 2315 3458 monasteriis
2369 3417 2488 3456 non

251 3484 449 3544 dicam
494 3487 897 3564 fungebantur
942 3489 1044 3546 sed
1072 3489 1438 3561 fruebantur,
1470 3506 1544 3545 ex
1574 3507 1729 3546 anno
1761 3487 1994 3546 demum
2031 3487 2155 3544 705
2203 3487 2265 3545 in
2292 3485 2486 3546 Nord-

251 3574 607 3651 anhymbria
650 3576 1053 3654 percrebuisse
1100 3577 1161 3652 (1.
1194 3597 1242 3634 c.
1275 3577 1310 3653 ξ
1350 3576 1449 3649 13,
1478 3597 1539 3654 p.
1575 3577 1748 3652 219).
1822 3576 1987 3653 Ergo
2035 3575 2177 3652 quid
2221 3573 2366 3632 illud
2411 3574 2489 3633 ad

252 3670 522 3723 nostram
567 3665 731 3722 rem?
777 3665 881 3725 Nil
920 3665 1108 3743 igitur
1151 3664 1415 3744 impedit,
1463 3665 1779 3741 quominus
1808 3665 1869 3723 in
1902 3664 2146 3740 antiqua
2176 3662 2490 3723 Scotorum

252 3753 501 3813 88818818
544 3754 859 3813 monachos
903 3752 1173 3816 caelibem
1217 3751 1479 3813 actitasse
1538 3751 1721 3813 vitam
1775 3774 1883 3832 pro
1941 3758 2106 3811 certo
2150 3753 2487 3812 habeamus.

255 3838 351 3899 Ea
393 3840 523 3919 ipsa
566 3843 641 3901 de
687 3862 865 3901 88888
907 3843 972 3902 18
1015 3842 1388 3903 monasteriis
1431 3842 1552 3901 11118
1597 3842 1931 3921 duplicibus
1975 3842 2192 3902 fratres
2238 3863 2273 3900 a
2305 3841 2488 3918 virgi-

255 3928 434 4002 nibus
478 3929 690 3990 seclusi
735 3951 852 3990 808
884 3933 1073 3991 8018111
1102 3932 1403 4004 vivebant,
1449 3931 1555 3989 sed
1585 3932 1764 3990 etiam
1796 3930 2015 3992 mortui
2045 3931 2489 4009 sepeliebantur

150 4093 160 4101 ⁸
251 4019 338 4094 (h.
371 4038 421 4077 e.
454 4019 513 4093 4,
547 4022 602 4093 7,
649 4021 687 4097 ξ
721 4021 892 4097 275).

435 4062 513 4167 Iti
554 4108 646 4168 his
690 4109 963 4170 omnibus
1006 4109 1093 4169 nil
1138 4109 1253 4168 8181
1296 4110 1451 4167 forte
1495 4108 1671 4180 illud,
1730 4109 1889 4186 quod
1935 4109 2271 4168 abbatissae
2317 4126 2487 4185 prae-

254 4203 430 4257 erant
475 4199 849 4259 monasteriis
881 4199 1231 4278 duplicibus,
1280 4183 1590 4258 Scotorum
1636 4198 1942 4298 proprium
1989 4204 2096 4270 881,
2142 4216 2334 4274 neque
2379 4196 2489 4255 hoc

254 4286 450 4365 ipsum
496 4285 641 4347 alibi
684 4290 922 4348 omuino
956 4309 1075 4348 non
1105 4287 1381 4348 occurrit.
1441 4287 1596 4346 Nam
1642 4288 1705 4345 in
1736 4286 2102 4364 Nivigelensi
2133 4284 2491 4345 monasterio

2032 4386 2064 4442 6
