3025 4909
1395 137 1831 199 -98—

675 318 885 390 Haec,.
926 319 992 377 in
1054 339 1231 395 quam
1292 318 1536 378 adducti
1570 325 1808 389 sumus,
1869 318 1944 376 de
1990 317 2282 378 Columba
2339 324 2401 377 et
2448 318 2523 375 de
2572 316 2779 376 sociis

496 411 625 486 ejus
671 408 992 480 sententia,
1039 407 1225 485 ipsius
1270 407 1597 465 Columbae
1641 407 1842 465 verbis
1888 407 2120 478 nititur,
2164 407 2359 484 ipsum
2408 405 2777 465 audivimus

496 500 840 575 loquentem
901 503 964 555 et
1018 496 1091 555 de
1147 496 1247 569 iis,
1306 496 1526 571 quibus
1569 495 1961 554 dissentiebat
2007 516 2043 553 a
2085 494 2379 553 Romanis
2427 500 2489 553 et
2531 495 2610 552 de
2659 494 2774 566 iia,

494 586 716 663 quibus
762 585 1186 645 consentiebat.
1260 585 1334 643 In
1381 584 1474 642 his
1502 605 1635 642 cum
1668 584 1753 642 nil
1783 583 2020 643 obscuri
2048 583 2322 642 relictum
2355 591 2527 656 esset,
2576 582 2774 642 nobis

498 694 617 733 non
672 693 821 752 opus
874 681 1028 734 esset
1074 673 1461 752 perscrutari,
1521 693 1662 731 num
1707 673 1909 751 plures
1954 672 2341 731 dissensionis
2388 691 2606 730 causae
2652 691 2768 729 oc·

500 768 828 835 currerent,
874 763 926 822 si
964 763 1253 841 neglectis
1283 762 1472 840 ipsius
1504 761 1829 820 Columbae
1859 761 2060 820 verbis
2091 782 2165 819 ex
2192 760 2286 833 iis,
2329 779 2487 837 quae
2519 759 2596 819 de
2626 759 2771 819 vita

498 854 628 928 ejus
683 858 745 910 et
799 851 1094 910 sociorum
1139 851 1455 910 memoriae
1501 849 1742 928 prodita
1785 856 1955 921 sunt,
2019 870 2373 908 conaremur
2418 849 2766 920 enucleare,

490 961 653 1017 quae
691 940 945 999 fuissent
973 939 1286 999 Scotorum
1317 940 1580 1017 propria,
1625 938 1739 996 nisi
1769 937 2081 997 Ebrardus
2112 938 2459 997 circuitione
2492 937 2770 1014 quadam

502 1050 575 1089 ex
620 1029 738 1087 illis
784 1028 932 1105 ipsis
976 1029 1123 1088 vitis
1165 1049 1354 1107 paene
1400 1028 1599 1086 omnia
1645 1048 1754 1085 sua
1799 1028 2067 1085 duxisset
2112 1033 2484 1103 argumenta.

678 1118 814 1178 Non
860 1137 1002 1176 vero
1047 1137 1242 1176 meum
1284 1116 1496 1194 putavi
1540 1116 1848 1175 verbosius
1891 1116 2301 1174 demonstrare
2343 1116 2561 1175 falsum
2609 1134 2768 1189 esse,

492 1205 662 1283 quod
705 1204 1016 1265 Ebrardus
1070 1205 1185 1265 sibi
1236 1204 1414 1264 finxit
1456 1207 1542 1281 (p.
1593 1205 1995 1280 118—132):
2052 1204 2262 1264 Scotos
2309 1204 2374 1262 in
2417 1204 2767 1264 continenti

501 1294 953 1375 pemgrinantes
1008 1314 1201 1371 neque
1255 1293 1476 1352 sanctis
1530 1312 1722 1370 neque
1773 1313 1977 1351 eorum
2032 1293 2305 1370 reliquiis
2357 1294 2585 1352 cultum
2642 1293 2765 1352 tri-

502 1384 716 1443 buisse.
791 1384 973 1455 Nam,
1022 1383 1125 1460 qui
1168 1403 1287 1441 non
1335 1382 1621 1440 concedat
1665 1381 2017 1440 Columbam
2064 1388 2125 1440 et
2170 1381 2379 1455 socios,
2427 1401 2577 1459 quos
2623 1402 2766 1441 arc-

503 1472 751 1531 tissimis
783 1471 1182 1530 consensionis
1212 1470 1466 1530 vinculis
1494 1491 1627 1528 cum
1662 1470 1797 1529 sede
1829 1470 2157 1549 apostolica
2190 1474 2539 1547 conjunctos
2568 1472 2767 1531 fuisse

502 1560 784 1632 vidimus,
845 1560 1008 1617 nullo
1062 1566 1240 1637 pacto
1295 1559 1559 1637 potuisse
1611 1559 1932 1617 dissentire
1986 1559 2061 1618 de
2106 1560 2212 1617 illa
2256 1579 2348 1632 re,
2405 1580 2565 1635 quae
2611 1566 2767 1619 mne

502 1668 692 1728 paene
738 1668 966 1706 summa
1013 1655 1145 1706 erat
1188 1648 1494 1725 religionis
1541 1648 1924 1721 christianae,
1978 1667 2111 1706 eum
2159 1648 2339 1707 etiam
2385 1648 2765 1725 gravissimas

498 1737 870 1814 argumentis
915 1736 1143 1796 revinci
1187 1757 1360 1815 posse
1400 1740 1525 1813 jam
1573 1737 1902 1814 desperavi.
1976 1736 2170 1795 Immo
2213 1736 2422 1796 credat
2457 1737 2765 1810 EbrardO,

503 1826 844 1904 ubicunque
901 1826 1125 1885 mentio
1180 1826 1288 1885 fiat
1333 1831 1672 1885 sanctorum
1721 1831 1781 1884 et
1823 1826 2213 1902 reliquiarum
2262 1825 2441 1885 etiam
2490 1826 2558 1884 in
2603 1827 2763 1886 anti·

507 1915 806 1993 quissimis
874 1915 1017 1976 vitis
1077 1935 1304 1988 eorum,
1365 1915 1583 1991 quibus
1643 1934 1776 1972 cum
1837 1914 2128 1973 Columba
2190 1921 2323 1974 erat
2380 1915 2764 1976 necessitudo

507 2008 583 2079 (e.
628 2025 684 2081 g.
729 2004 941 2076 JonaS,
987 2004 1093 2063 vit.
1136 2004 1260 2065 Col.
1312 2004 1397 2062 44
1443 2004 1601 2063 Mab.
1633 2002 1721 2076 ΙΙ,
1768 2024 1905 2061 ann.
1942 2002 2089 2075 615,
2134 2024 2192 2081 p.
2229 2004 2343 2076 223
2390 2003 2603 2077 Jonas,
2651 2006 2762 2065 vit.

506 2091 703 2153 Attal.
762 2091 800 2149 5
854 2092 937 2150 ib.
993 2113 1130 2150 ann.
1189 2094 1336 2165 627,
1397 2112 1456 2169 Ρ.
1514 2092 1666 2163 125;
1725 2092 1944 2164 Jonas,
2002 2091 2109 2150 vit.
2156 2091 2532 2169 Burgundof.
2583 2094 2620 2151 6
2677 2094 2762 2152 ib.

506 2201 643 2240 ann.
679 2181 825 2253 665,
856 2202 916 2259 p.
955 2181 1099 2253 142,
1143 2181 1215 2239 cf.
1246 2177 1746 2263 imerwztuffliae
1774 2181 1854 2238 ib.
1895 2181 1991 2254 10,
2024 2201 2083 2257 p.
2117 2181 2278 2254 4433
2326 2180 2431 2240 vit.
2465 2181 2763 2241 Wandre-

506 2270 616 2348 gis.
658 2270 843 2349 prior.
896 2270 994 2343 13,
1040 2270 1120 2328 ib.
1164 2271 1312 2342 667,
1359 2291 1418 2347 Ρ.
1453 2268 1645 2342 5301,
1690 2269 1949 2346 denique
1997 2268 2249 2346 [omissis
2298 2270 2407 2330 vit.
2450 2270 2764 2329 Romal-ici

508 2360 548 2417 3
597 2358 678 2418 ib.
733 2379 869 2418 ann.
919 2358 1074 2430 653,
1137 2379 1195 2437 Ρ.
1243 2359 1400 2430 417;
1457 2358 1565 2417 vit.
1611 2356 1901 2437 Adelphii
1959 2360 1993 2415 7
2051 2358 2132 2417 ib.
2182 2359 2335 2432 6033
2393 2358 2500 2417 vit.
2543 2359 2764 2419 Amati

511 2448 593 2504 29
629 2448 709 2507 ib.
742 2466 878 2506 ann.
913 2447 1060 2518 627,
1107 2469 1165 2525 Ρ.
1204 2446 1346 2518 135,
1395 2446 1621 2524 quippe
1665 2466 1821 2523 quae
1861 2446 2128 2522 juniores
2163 2446 2310 2524 sint]
2344 2467 2417 2504 ex
2448 2449 2556 2507 vit.
2589 2446 2762 2507 Sala-

508 2536 745 2612 bergae,
790 2541 855 2593 et
898 2534 1032 2612 ipsa
1079 2542 1278 2594 aetate
1324 2535 1655 2612 posteriore
1705 2536 1800 2612 [cf.
1832 2535 2157 2613 Biidinger,
2206 2534 2762 2613 Sitzungsberichte

507 2623 617 2683 der
670 2624 916 2682 Wiener
974 2623 1303 2683 Academie
1360 2622 1628 2697 XXIII,
1687 2623 1999 2700 hieu-phil.
2056 2625 2162 2682 Kl.
2221 2625 2604 2703 372—383]
2654 2626 2763 2685 sed

511 2803 643 2852 sunt
693 2798 993 2865 (translata
1038 2814 1072 2849 a
1110 2794 1211 2851 Dr.
1253 2795 1417 2849 Todd
1466 2796 1618 2863 apud
1654 2794 1957 2861 Scrivener,
1997 2796 2050 2849 A
2076 2796 2239 2865 plain
2282 2797 2659 2853 introductiva
2707 2802 2763 2854 to

511 2869 596 2923 the
623 2868 902 2922 Griticism
927 2873 1034 2922 etc.
1074 2884 1181 2921 sec.
1209 2868 1295 2921 ed.
1327 2866 1480 2921 1874.
1523 2884 1577 2933 p.
1620 2863 1747 2934 157)
1787 2867 1896 2920 hoc
1933 2867 2129 2920 modo:

731 2966 804 3020 To
837 2982 904 3035 9⁰
943 2967 994 3019 to
1032 2963 1219 3029 Rome,
1261 2968 1314 3018 to
1336 2980 1414 3036 „qo
1452 2966 1503 3016 to
1542 2963 1729 3029 Rome,

729 3037 900 3091 Μυσὴ
936 3037 1006 3103 of
1035 3034 1252 3100 trouble,
1291 3033 1428 3087 little
1464 3035 1535 3102 of
1551 3035 1736 3102 profit,

732 3108 839 3162 The
876 3106 1005 3177 king
1042 3106 1170 3160 thou
1207 3105 1407 3160 seekest
1439 3104 1577 3170 here,

728 3179 801 3246 If
828 3178 958 3233 theu
991 3178 1149 3248 brim
1174 3178 1316 3231 Him
1350 3178 1448 3230 ‘not
1478 3176 1612 3230 with
1649 3177 1779 3243 thee,
1819 3177 1950 3232 thou
1982 3178 2182 3246 findest
2213 3182 2326 3234 not.

730 3284 904 3338 Great
933 3284 1086 3353 folly,
1122 3286 1281 3352 yreat
1311 3283 1579 3348 madnesa

731 3355 904 3409 Great
937 3354 1071 3408 min
1106 3354 1173 3421 of
1201 3369 1365 3418 sense,
1400 3357 1558 3423 yreat
1593 3354 1856 3424 insanam,

728 3425 888 3480 Since
926 3424 1054 3477 thou
1091 3425 1217 3478 hast
1251 3428 1332 3479 set
1365 3427 1463 3478 out
1493 3425 1591 3491 for
1628 3426 1713 3478 the
1750 3425 1875 3479 sake
1911 3426 1980 3493 of
2004 3427 2166 3497 yoinq
2204 3431 2257 3483 to
2294 3428 2469 3493 death,

734 3496 877 3551 That
913 3495 1041 3549 thou
1081 3494 1350 3550 shouldest
1384 3495 1442 3549 be
1477 3495 1541 3549 in
1577 3495 1932 3551 disobedience
1969 3499 2021 3551 to
2059 3499 2146 3552 the
2180 3498 2293 3554 Sem
2328 3501 2398 3567 of
2426 3499 2615 3570 Mary.

517 3592 833 3663 Compositi
858 3596 989 3646 sunt
1013 3592 1073 3645 hi
1098 3609 1308 3656 versus,
1351 3597 1414 3646 ut
1436 3597 1661 3660 putant,
1702 3593 1763 3647 in
1786 3596 2125 3650 monasterio
2152 3596 2526 3665 sangallensi,
2564 3597 2755 3667 itaque

516 3666 588 3721 ad
643 3663 1095 3735 cognoscendum
1145 3663 1631 3733 peregrinantium
1681 3664 1978 3719 Scotorum
2030 3667 2281 3721 animum
2328 3668 2523 3739 magni
2573 3674 2756 3723 essent

515 3736 806 3798 momenti,
849 3734 896 3788 si
934 3734 1220 3799 sciremus),
1261 3752 1295 3787 a
1333 3752 1579 3803 quonam
1605 3736 1757 3789 facta
1783 3740 1985 3802 essent,
2028 3741 2086 3790 et
2112 3756 2222 3807 qua
2248 3739 2318 3792 de
2347 3757 2530 3793 causa.
2595 3739 2752 3795 Nunc

518 3824 647 3862 cum
684 3806 817 3874 quia
852 3805 1034 3859 multo
1072 3808 1205 3874 post
1240 3806 1617 3873 compositam
1655 3809 2098 3861 controversiam
2135 3810 2418 3879 concripti
2455 3814 2601 3876 sunt,
2639 3816 2754 3866 tum

516 3879 649 3949 quia
685 3893 850 3929 nemo
891 3877 1022 3941 scit,
1062 3894 1199 3930 num
1235 3876 1472 3930 fortasse
1509 3877 1575 3943 is,
1616 3878 1712 3946 qui
1751 3895 1847 3932 eos
1885 3880 2125 3950 pepigit,
2166 3898 2265 3934 sua
2302 3881 2480 3950 ipsius
2558 3883 2754 3937 uadem

517 3967 686 4004 causa
704 3948 764 4000 in
785 3946 1068 4000 Romanos
1096 3948 1272 4001 fuerit
1296 3947 1580 4013 incitatus,
1608 3951 2087 4004 commemorandi
2116 3955 2261 4017 sunt,
2290 3952 2391 4005 sed
2415 3969 2528 4023 neg
2554 3954 2752 4022 egendi

512 4021 577 4074 in
617 4018 976 4087 explananda
1013 4020 1136 4085 ipsa
1173 4035 1252 4072 re.

666 4092 686 4121 ¹
727 4089 891 4143 Nova
927 4089 1079 4142 illius
1117 4089 1269 4143 vitae
1309 4090 1486 4143 editio
1527 4094 1710 4144 exstat
1734 4092 1792 4143 in
1818 4090 2028 4158 Arndt,
2069 4092 2264 4147 Kleine
2290 4093 2626 4149 Denkmliler
2655 4111 2753 4151 aus

517 4163 615 4217 der
652 4159 1129 4229 Merowinyerzeit.
1179 4164 1345 4227 1875,
1386 4161 1487 4215 sed
1523 4162 1835 4231 simplicius
1873 4167 1963 4217 est
1990 4164 2174 4217 «etiam
2210 4164 2377 4233 hujus
2415 4166 2569 4220 vitae
2606 4166 2752 4221 locos

515 4237 777 4302 repetere
816 4249 883 4285 ex
920 4231 1242 4287 Mabilionis
1280 4232 1552 4289 editione.
2113 4234 2119 4238 ⁴
