3025 4909
1413 175 1855 239 ἁ.16...·.ι

510 381 569 439 Ρ.
603 357 776 436 208).
836 357 1198 437 Ubicunque
1228 360 1384 419 enim
1429 360 1720 438 perfectio
1766 359 2091 419 christiana
2134 357 2198 417 in
2244 357 2402 419 votis
2445 351 2828 418 monacho·

512 470 644 508 rum
693 454 963 508 constare
1007 449 1249 509 videtur
1295 450 1394 525 (cf.
1443 469 1625 527 supra
1670 470 1796 525 syn.
1843 449 1991 506 Luc.
2039 449 2197 509 Vict.
2245 448 2388 525 IX),
2458 449 2545 507 ibi
2592 468 2828 526 supe-

510 539 731 597 riorum
779 538 1073 615 graduum
1119 538 1321 597 clerici
1363 538 1427 596 in
1472 537 1869 597 matrimoniis
1921 537 2125 597 vivere
2170 537 2271 596 vix
2317 545 2587 615 possunt.
2661 536 2826 595 An

511 628 653 688 licet
697 626 1006 706 episcopos
1049 627 1246 686 minus
1290 627 1588 704 perfectos
1643 647 1771 686 esse
1823 646 2003 703 quam
2048 627 2369 685 monachos
2383 626 2414 684 ¹?
2481 626 2822 684 Profecto

510 737 632 776 non
686 716 889 790 licuit,
958 737 1094 775 nam
1150 716 1508 792 simulatque
1563 715 1786 795 duplex
1840 715 2082 775 vivendi
2137 736 2379 788 norma,
2445 715 2595 774 haec
2642 734 2818 772 mo·

514 805 853 878 nachorum,
898 805 1003 863 illa
1033 805 1300 878 aliorum,
1348 804 1411 862 in
1443 804 1749 863 ecclesiam
1781 809 2022 882 recepta
2051 811 2161 877 est,
2207 804 2339 863 fieri
2384 825 2502 863 non
2544 804 2813 883 potuit,

517 895 662 972 quin
692 914 829 952 mox
860 894 1141 952 ecclesiae
1181 894 1524 953 doctoribus
1569 892 1889 966 videretur,
1936 898 2006 951 ut
2051 894 2424 971 superiorum
2469 894 2814 970 graduum

513 983 711 1042 clerici
757 1003 793 1042 a
839 983 1114 1060 conjugio
1163 983 1275 1056 vel,
1322 983 1374 1040 si
1420 989 1601 1041 antea
1643 1003 1859 1041 uxores
1904 982 2199 1041 duxerant
2214 1027 2229 1055 ,
2277 1004 2314 1041 a
2359 983 2585 1041 carnali
2631 1002 2810 1040 cum

513 1070 866 1148 conjugibus
912 1071 1320 1131 communione
1367 1071 1756 1131 abstinerent.
1849 1070 1970 1129 Sed
2007 1075 2136 1146 jam
2182 1072 2329 1130 satis
2374 1078 2468 1130 est
2511 1071 2804 1129 medita·

513 1161 769 1234 tionum,
831 1160 1141 1219 redeamus
1196 1159 1273 1218 ad
1328 1158 1587 1219 Gildam.
1677 1160 1839 1234 Quid
1899 1161 2015 1218 sibi
2059 1161 2283 1220 vellent
2326 1162 2509 1220 verba
2525 1205 2539 1233 ,
2610 1180 2806 1236 quae

512 1249 690 1308 Pauli
735 1249 992 1326 apostoli
1035 1249 1155 1307 illis
1201 1251 1264 1325 (1
1317 1249 1469 1309 Tim.
1521 1251 1577 1321 3,
1624 1250 1693 1325 4)
1737 1250 1811 1307 de
1858 1249 1980 1307 suis
2026 1248 2261 1308 addidit
2305 1249 2536 1308 dicens:
2590 1268 2802 1329 „erqo

511 1336 853 1421 imperfecta
898 1346 978 1398 eet
1018 1346 1263 1419 patrum
1307 1336 1561 1409 castitas,
1608 1336 1663 1396 si
1705 1335 1893 1397 eidem
1936 1346 1989 1397 et
2030 1356 2149 1396 non
2171 1336 2445 1421 filiomm
2491 1358 2792 1397 accumu-

513 1426 678 1486 letur.
769 1423 893 1485 Sed
951 1425 1095 1508 quid
1151 1425 1282 1496 erit,
1349 1424 1452 1485 ubi
1510 1445 1612 1485 nec
1642 1434 1825 1506 pater
1881 1445 1985 1485 nec
2021 1423 2219 1510 filiaets,
2286 1424 2438 1486 mali
2487 1425 2794 1508 qenitorz‘s

514 1513 779 1594 evemplo
816 1523 1104 1594 pravatus
1149 1513 1501 1597 conspicitur
1545 1523 1780 1574 castus“
1836 1515 1981 1592 quid
2027 1515 2142 1574 sibi
2187 1517 2437 1587 vellent,
2503 1516 2789 1591 inquam,

514 1606 659 1663 haec
705 1605 890 1662 verba
904 1648 919 1677 ,
965 1604 1081 1662 nisi
1128 1603 1341 1663 Gildas
1387 1605 1812 1663 abstinentiam
1858 1605 2187 1683 postularet
2234 1625 2270 1663 a
2316 1605 2727 1663 sacerdotibus
2743 1604 2788 1661 P

516 1692 910 1767 „Castitatem
968 1691 1500 1753 matrimonialem“
1548 1713 1724 1770 quam
1768 1693 2101 1752 Lutherum
2148 1693 2496 1752 Hermanno
2541 1693 2782 1752 Borus-

516 1803 714 1841 sorum
762 1782 898 1840 duci
944 1783 1197 1842 suasisse
1230 1787 1481 1854 constat,
1528 1802 1707 1858 quam
1739 1781 2117 1860 Paphnutius
2149 1783 2212 1840 in
2243 1782 2467 1859 synodo
2499 1783 2782 1843 Nicaena

514 1871 788 1931 laudasse
833 1871 1111 1944 traditur,
1146 1870 1376 1943 Gildae,
1424 1871 1647 1948 quippe
1694 1871 1797 1947 qui
1843 1871 2251 1948 virginitatem
2297 1871 2541 1929 maximi
2586 1872 2774 1931 aesti-

516 1961 802 2033 maverit,
872 1960 937 2018 in
991 1961 1189 2018 animo
1244 1960 1426 2019 fuisse
1472 1960 1619 2019 mihi
1664 1960 2021 2038 persuadere
2068 1981 2188 2019 non
2234 1981 2489 2037 possum.
2580 1960 2776 2020 Prae-

516 2055 680 2108 terea
712 2070 785 2106 ex
816 2050 941 2107 loco
974 2050 1229 2125 quodam
1262 2051 1511 2108 obscuro
1545 2047 1782 2125 (Gildas
1814 2069 1905 2126 cp.
1937 2050 2092 2127 §66,
2124 2071 2180 2127 p.
2206 2051 2307 2122 72,
2341 2070 2475 2109 vers
2504 2051 2667 2107 7--1
2686 2050 2771 2125 1),

518 2159 695 2214 quem
743 2139 1079 2197 accuratius
1126 2137 1425 2216 explicare
1474 2138 1719 2215 longum
1766 2144 1874 2211 est,
1935 2138 1999 2195 id
2045 2137 2282 2213 quidem
2329 2140 2537 2216 procul
2584 2138 2773 2197 dubio

517 2228 758 2287 videtur
787 2247 960 2305 posse
991 2227 1190 2304 colligi
1237 2228 1573 2286 sacerdotes
1618 2228 1969 2304 plerumque
2015 2226 2078 2284 in
2124 2227 2327 2285 eadem
2375 2228 2551 2286 domo
2595 2227 2771 2285 habi-

517 2323 676 2376 tasse
708 2337 842 2375 cum
872 2317 1173 2375 sororibus
1205 2316 1300 2375 vel
1347 2316 1655 2390 matribus,
1701 2315 1891 2391 iisque
1938 2321 2144 2374 contra
2188 2318 2281 2375 fas
2328 2317 2587 2394 expulsis
2634 2336 2769 2375 cum

519 2403 766 2466 externis
797 2401 1056 2476 ancillis,·
1090 2440 1170 2451 —
1205 2405 1277 2463 de
1310 2406 1661 2481 conjugibus
1692 2425 1831 2464 vero
1862 2404 1924 2462 in
1958 2405 2069 2463 hoc
2106 2405 2234 2464 loco
2275 2405 2361 2463 nil
2407 2406 2580 2467 inest.
2640 2404 2770 2463 Ita-

520 2516 633 2572 que
667 2494 779 2553 etsi
812 2493 1097 2553 confiteor
1122 2514 1252 2560 ,rem
1283 2493 1652 2570 argumentis
1683 2493 1829 2552 satis
1858 2493 2087 2552 idoneis
2116 2494 2229 2552 hoc
2260 2495 2387 2553 loco
2418 2494 2611 2552 adhuc
2644 2514 2766 2551 non

519 2605 691 2663 posse
739 2582 1076 2642 confirmari
1123 2583 1220 2658 (cf.
1268 2582 1450 2658 infra)
1496 2587 1695 2641 tamen
1755 2582 2044 2659 suspicari
2096 2583 2236 2641 licet
2282 2583 2442 2661 apud
2486 2582 2767 2640 Britones

521 2673 748 2732 clericis
777 2672 894 2729 nisi
921 2672 987 2728 in
1014 2671 1399 2729 inferioribus
1429 2672 1715 2748 gradibus
1760 2691 1870 2749 per
1913 2671 2076 2748 leges
2121 2690 2239 2729 non
2285 2672 2520 2731 licuisse
2567 2672 2765 2731 vivere

520 2763 581 2819 in
629 2760 1036 2820 matrimoniis.
1127 2759 1350 2818 Illicita
1411 2766 1610 2819 autem
1665 2766 1728 2818 et
1770 2760 2085 2836 illegitima
2132 2762 2508 2819 matrimonia
2553 2760 2763 2818 nihilo-

522 2849 712 2907 minus
753 2869 1040 2927 persaepe
1082 2853 1389 2907 contracta
1436 2869 1562 2907 esse
1608 2849 2027 2926 suspicandum
2075 2855 2244 2921 esset,
2292 2850 2522 2908 etiamsi
2554 2847 2768 2907 Gildas

520 2938 606 2995 nil
651 2938 724 2996 de
767 2938 876 2996 hac
937 2958 1001 2995 re
1048 2937 1286 2995 diceret.
1379 2936 1500 2996 Sed
1560 2935 1772 2995 Gildas
1830 2938 2071 2996 minime
2132 2939 2370 2997 silentio
2429 2939 2581 2997 hanc
2640 2958 2770 2996 rem

520 3026 846 3104 praeteriit.
939 3025 1131 3084 Immo
1191 3045 1333 3084 vero
1394 3027 1522 3104 ipse
1581 3026 1753 3085 testis
1815 3032 1934 3099 est,
2004 3027 2185 3086 fuisse
2240 3033 2384 3086 tunc
2429 3027 2770 3087 sacerdotes

522 3115 738 3191 quibus
780 3117 979 3193 plures
1024 3134 1240 3173 uxores
1286 3120 1501 3174 essent.
1591 3115 1746 3174 Nam
1798 3113 2038 3186 „unia-s,
2106 3116 2303 3193 inquit
2357 3118 2475 3194 (ep.
2524 3117 2559 3194 ξ
2615 3116 2768 3192 108)

522 3203 724 3264 uxoris
780 3202 1011 3262 viram“
992 3201 1047 3262 ⁶!
1110 3199 1317 3279 „Quid
1369 3203 1453 3263 ita
1499 3202 1665 3286 apud
1708 3222 1810 3263 vos
1853 3222 2077 3285 quoque
2120 3204 2530 3277 contemnitur,
2600 3203 2772 3285 quasi

521 3312 638 3351 non
681 3291 999 3364 audiretur,
1044 3289 1136 3354 vel
1175 3292 1334 3353 idem
1378 3291 1567 3353 dicere
1612 3301 1663 3352 et
1709 3294 1808 3372 [an
1856 3287 2129 3370 diceret&
2174 3291 2367 3352 virum
2410 3300 2721 3354 uxorumf‘

700 3382 867 3455 Quae
900 3401 1031 3440 cum
1072 3382 1160 3441 ita
1206 3383 1344 3454 sint,
1393 3382 1710 3441 Britonum
1758 3382 2062 3442 ecclesiam
2108 3383 2219 3441 hac
2265 3383 2522 3442 secunda
2568 3387 2767 3442 aetate

525 3492 560 3529 a
605 3471 898 3529 communi
959 3471 1238 3530 ecclesiae
1300 3472 1723 3531 consuetudine
1783 3471 2047 3530 moribus
2100 3472 2195 3531 vel
2252 3470 2368 3529 fide
2425 3471 2767 3532 dissensisse

524 3559 712 3618 adhuc
759 3579 877 3617 non
923 3560 1145 3633 habeo,
1209 3561 1423 3637 quibus
1471 3561 1862 3638 comprobem.
1955 3560 2265 3618 Ebrardus
2311 3560 2629 3622 Britonum
2675 3582 2763 3619 ec-

525 3648 758 3706 clesiam
820 3654 1159 3709 sanctorum
1220 3650 1413 3708 cultus
1476 3654 1778 3727 expertem
1824 3648 2006 3707 fuisse
2053 3647 2327 3708 affirmat.
2419 3648 2613 3725 Atqui
2660 3649 2763 3707 du-

524 3736 686 3794 bium
747 3743 839 3796 est
895 3759 971 3796 an
1019 3737 1261 3797 Gildam
1331 3737 1546 3816 legerit
1593 3738 1688 3814 (cf.
1721 3758 1900 3816 supra
1944 3758 2002 3815 p.
2036 3737 2093 3810 8,
2127 3739 2300 3815 not).
2393 3738 2547 3798 Nam
2595 3739 2766 3797 aliter

524 3845 646 3883 rem
706 3847 832 3885 sese
892 3827 1111 3886 habere
1158 3825 1367 3886 Gildas
1427 3834 1520 3886 est
1579 3827 1749 3886 testis
1813 3828 1910 3903 (cf.
1956 3825 2093 3884 hist.
2158 3828 2193 3903 ἓ
2244 3828 2345 3900 28,
2392 3849 2451 3905 Ρ.
2503 3828 2613 3886 37:
2660 3825 2766 3886 deo

514 3911 783 3996 primum
816 3912 990 3996 jure(
987 3935 1093 3997 que
1087 3912 1395 3996 )jurand0,
1440 3923 1774 3976 sanctorum
1805 3914 2042 3975 demum
2072 3911 2276 3975 choris.
2311 3917 2382 3974 cf.
2415 3916 2551 3976 hist.
2586 3917 2620 3993 ξ
2660 3917 2687 3972 1
2700 3917 2763 3990 Ο)

485 4024 715 4080 ‚neque
747 4005 1061 4063 obscurum
1102 4010 1191 4064 est
1237 4004 1560 4082 permultas
1605 4005 1669 4061 in
1701 4004 2020 4063 Britannia
2065 4005 2245 4063 fuisse
2292 4011 2628 4063 sanctorum
2675 4024 2763 4061 ec·

524 4092 731 4152 clesias
778 4096 875 4170 (cf.
923 4094 1001 4152 H.
1050 4093 1168 4152 and
1214 4092 1302 4153 St.
1350 4093 1401 4165 I,
1448 4113 1505 4169 p.
1542 4094 1621 4151 37
1672 4113 1757 4168 sq.
1807 4099 1868 4152 et
1911 4092 2082 4151 Beda
2129 4093 2184 4151 h.
2233 4113 2280 4151 e.
2321 4094 2373 4164 1,
2423 4091 2523 4166 26,
2570 4092 2763 4171 §56).

702 4183 940 4261 Neque,
986 4188 1056 4243 ut
1101 4181 1248 4240 illud
1294 4201 1530 4257 quoque
1576 4181 1835 4241 Ebrardi
1887 4180 2234 4258 figmentum
2283 4181 2502 4240 diluam
2521 4227 2535 4255 ,
2583 4182 2765 4239 ullum

525 4279 722 4334 exstat
777 4271 1178 4331 testimonium
1195 4314 1209 4343 ,
1275 4270 1433 4345 quod
1491 4272 1837 4348 comprobet
1899 4271 2229 4330 doctrinam
2285 4270 2359 4329 de
2414 4270 2767 4329 eucharistia
