3025 4909
1443 157 1877 213 -76-

544 333 657 393 1166
709 335 837 392 1666
892 334 1121 411 pariter
1163 333 1495 411 respuenda
1540 332 1619 391 sit
1663 338 1845 409 atque
1890 352 2097 410 supra,
2157 332 2262 391 ubi
2307 332 2380 390 de
2425 331 2819 390 Britonibun

542 423 838 500 agebatur
884 424 980 497 (cf.
1026 444 1085 501 p.
1134 423 1216 480 25
1263 424 1395 500 sq.).
1469 423 1625 482 Nam
1670 422 1781 480 1166
1827 441 2061 499 quoque
2106 422 2234 480 loco
2279 420 2625 480 testimonia
2661 439 2815 479 666-

542 512 678 570 61116
723 510 1032 571 undecimo
1078 511 1280 590 priora
1324 530 1443 570 non
1491 518 1754 584 exstant,
1811 511 1930 569 nisi
1972 511 2127 569 forte
2170 516 2478 588 putamus,
2526 529 2814 569 canones

546 600 904 659 Hibemicos
948 600 1287 660 testimonio
1335 621 1458 660 esse
1503 620 1693 678 posse.
1767 598 1987 659 Exstat
2030 600 2186 658 enim
2216 599 2279 657 in
2308 599 2643 657 Hibernica
2691 599 2810 657 illa

527 690 647 765 .(cf.
679 710 862 767 supra
889 711 951 768 p.
979 692 1090 767 39)
1121 709 1410 749 canonum
1441 688 1800 761 collectione,
1833 707 1985 765 quae
2014 687 2079 746 in
2107 688 2237 765 ipsa
2259 688 2318 747 Ν
2319 687 2806 763 ordanhymbria

538 778 769 857 scripta
814 799 939 839 6666
982 779 1131 837 1111111
1174 777 1464 850 videtur¹,
1506 778 1835 855 capitulum
1880 777 2006 852 (lib.
2037 776 2087 850 I,
2137 777 2195 850 5,
2240 776 2801 848 Wasserschleben,

543 867 629 927 Ir.
676 867 821 928 Gan.
868 889 926 945 p.
975 868 1041 944 5)
1109 866 1221 942 „de
1264 886 1356 938 eo,
1417 866 1577 949 quod
1623 885 1744 926 non
1787 886 1937 926 unus
1979 886 2163 925 unum
2207 864 2494 926 ordumel&
2588 864 2800 941 Atqui

543 978 619 1015 ex
663 956 963 1016 veteribus
1010 956 1395 1033 scriptoribus
1439 956 1761 1034 repetitum
1808 961 1900 1014 est
1937 956 2034 1031 (cf.
2066 955 2588 1014 Wasserschleben
2620 955 2661 1012 1.
2699 957 2797 1031 c.),

543 1047 750 1121 itaque
808 1066 883 1103 ex
928 1046 1037 1104 hac
1081 1046 1213 1124 ipsa
1256 1047 1387 1123 lege
1433 1045 1589 1104 effici
1642 1065 1761 1103 non
1804 1050 2029 1122 potest,
2090 1049 2232 1103 tunc
2275 1043 2587 1128 temporis,
2651 1063 2795 1102 cum

543 1134 882 1212 conscripta
937 1142 1029 1193 est
1073 1136 1167 1193 vel
1213 1136 1412 1212 potius
1456 1134 1783 1212 descripta,
1843 1133 2010 1192 illum
2055 1133 2249 1212 ipsum
2294 1153 2541 1210 morem,
2606 1152 2796 1209 quem

543 1223 858 1301 prohibere
903 1223 1105 1283 studet
1147 1224 1210 1282 in
1253 1243 1364 1283 11611
1408 1224 1590 1282 fuisse
1633 1223 1794 1301 apud
1834 1220 2062 1282 Scotos.
2134 1222 2401 1282 Obstant
2442 1222 2601 1281 enim
2648 1242 2794 1297 gra·

543 1311 785 1373 vissima
844 1319 1210 1389 argumenta.
1301 1311 1613 1385 Omittam,
1676 1311 1802 1389 qud
1855 1311 2024 1370 Beda
2082 1318 2290 1371 narrat
2344 1312 2523 1388 (11.6.
2571 1312 2632 1385 3,
2681 1311 2791 1382 22,

541 1403 581 1480 ξ
631 1402 800 1477 214).
890 1401 1189 1460 Finanum
1234 1402 1288 1460 I
1290 1402 1780 1460 indisfmensem
1837 1420 2205 1461 consecrasse
2249 1400 2519 1460 Geddum
2563 1398 2791 1459 vocaus

534 1489 628 1550 ad
681 1509 739 1550 se
780 1488 847 1548 in
889 1488 1267 1549 minmen‘um
1314 1488 1697 1550 ordiomtiom‘s
1741 1486 1871 1548 aliis
1915 1487 2141 1549 duobus
2185 1488 2465 1572 episcopis
2515 1523 2593 1535 —
2645 1507 2789 1547 nam

545 1578 715 1638 Beda
744 1578 894 1636 illud
923 1579 1176 1638 forsitan
1206 1580 1463 1651 finxerit,
1510 1578 1614 1638 sed
1643 1579 1979 1655 provocabo
2009 1579 2086 1637 ad
2115 1578 2485 1656 Stephanum
2516 1577 2785 1637 Eddium

544 1668 650 1726 vit.
697 1667 894 1725 Wilfr.
941 1667 1195 1741 XXIII,
1241 1670 1397 1727 nab.
1440 1668 1554 1741 IV,
1607 1669 1637 1725 1
1691 1688 1827 1746 app.
1872 1685 1931 1745 p.
1980 1668 2126 1726 689.
2218 1668 2399 1727 Teste
2458 1668 2616 1726 enim
2671 1667 2786 1725 1166

543 1757 674 1815 1666
706 1756 1056 1817 Theodorus
1101 1758 1575 1837 archiepiscopus
1621 1776 1778 1815 anno
1825 1753 1952 1817 678
1997 1762 2120 1816 tres
2165 1757 2469 1836 episcopos
2522 1754 2781 1830 „inordi-

538 1854 676 1906 nate
733 1842 924 1905 solus“
992 1847 1380 1907 consecravit.
1469 1847 1660 1919 Num,
1721 1846 1774 1905 si
1833 1844 2145 1905 Scotorum
2208 1866 2371 1905 more
2432 1845 2783 1904 Theodorus

542 1953 684 1994 usus
748 1941 927 2008 esset,
992 1934 1330 2013 Stephanus
1374 1935 1629 2008 Eddius,
1683 1933 1953 1994 wilfridi
1996 1935 2407 2008 amicissimus,
2469 1934 2782 2007 omisisset,

543 2023 692 2082 illud
724 2023 915 2101 ipsum
949 2023 1258 2083 Theodoro
1289 2026 1438 2084 vitio
1470 2030 1703 2084 vertere
1721 2023 1749 2081 P
1825 2024 1989 2100 Ergo
2021 2024 2354 2100 negandum
2386 2044 2511 2083 6666
2540 2013 2795 2082 videtur

533 2115 664 2188 jam
722 2118 866 2171 tunc
926 2112 1081 2172 sicut
1139 2122 1347 2190 postea
1400 2112 1622 2173 6666611
1668 2112 1999 2171 duodecimi
2042 2113 2411 2190 temporibus
2455 2113 2554 2189 (cf.
2600 2131 2782 2189 supra

541 2223 602 2280 p.
637 2202 747 2277 26)
793 2202 973 2261 moris
1017 2201 1198 2261 fuisse
1231 2202 1542 2261 Scotorum
1588 2208 1658 2260 ut
1703 2201 1978 2280 episcopi.
2010 2202 2086 2260 ab
2132 2221 2250 2260 6116
2279 2207 2779 2261 consecrarentur.

545 2290 652 2350 Sin
715 2290 910 2364 aliter,
974 2291 1085 2349 hoc
1131 2290 1455 2350 Scotorum*
1486 2290 1793 2369 proprium
1836 2310 1956 2349 non
2003 2297 2173 2350 esset.
2262 2291 2418 2351 Nam
2464 2309 2583 2348 non
2627 2299 2778 2349 unus

541 2380 890 2438 Theodorus
952 2387 1183 2439 contra.
1220 2400 1469 2439 canones
1530 2381 1688 2450 661116
1742 2384 1864 2438 tres
1916 2380 2051 2439 illos
2108 2380 2415 2458 episcopos
2461 2377 2777 2452 ordinavit,

542 2468 646 2527 sed
693 2468 821 2546 ipse
867 2466 1194 2545 Gregorius
1238 2489 1397 2547 papa
1442 2468 1785 2546 Augustino
1818 2468 2011 2545 (Beda
2053 2469 2108 2527 h.
2141 2490 2191 2527 6.
2245 2470 2297 2541 1,
2349 2469 2451 2541 27,
2493 2469 2532 2546 ξ
2567 2467 2673 2543 64)
2716 2475 2779 2527 611

542 2556 883 2616 Bonifatius
915 2578 1074 2636 papa
1101 2558 1148 2616 J
1148 2566 1299 2631 uste,
1331 2558 1512 2617 tertio
1546 2557 1873 2635 Augustini
1903 2557 2222 2620 successori
2246 2558 2439 2632 (Beda
2469 2557 2527 2615 h.
2551 2577 2602 2615 6.
2634 2558 2689 2629 2,
2713 2556 2774 2629 8,

539 2647 578 2724 ξ
617 2644 785 2724 109),
833 2646 1248 2719 concederunt,
1293 2652 1365 2705 ut
1416 2645 1706 2726 „exiqente
1747 2644 2211 2727 Ἰ611106161111116116“
2263 2646 2376 2706 6611
2421 2646 2777 2705 ordinarent.

543 2735 836 2795 Attamen
883 2734 1193 2794 Scotorum
1240 2736 1547 2814 episcopos
1579 2735 1856 2794 canonice
1888 2736 2191 2795 ordinatos
2220 2756 2341 2794 non
2369 2755 2498 2794 6666
2530 2739 2771 2793 6611611611.

540 2824 698 2883 Nam
759 2823 1025 2901 prodidit
1068 2824 1236 2883 Beda
1296 2844 1451 2883 anno
1500 2823 1630 2883 665
1677 2823 1971 2884 defunctis
2007 2824 2341 2883 Deusdedit
2386 2823 2773 2884 Cantuarensi

523 2918 605 2970 611
649 2912 942 2971 1)611116116
989 2912 1255 2974 Roffensi
1300 2916 1528 2972 nullum
1569 2913 1636 2971 in
1681 2919 1813 2973 tota
1851 2912 2169 2973 Britannia
2214 2913 2394 2973 fuisse
2440 2913 2770 2991 episcopum

530 3001 823 3060 canonice
846 3001 1182 3061 ordinatum
1208 3008 1455 3080 excepto
1468 3001 1663 3073 Wine,
1689 3003 1965 3080 episcopo
1978 3002 2444 3061 Occidentalium
2462 3001 2768 3074 Saxonum,

541 3091 647 3167 qui
693 3091 755 3149 in
799 3089 996 3150 Grallia
1042 3098 1173 3151 erat
1217 3096 1593 3151 consecratus
1639 3091 1719 3166 (h.
1753 3113 1802 3150 e.
1853 3093 1909 3164 3,
1960 3093 2060 3165 28,
2106 3092 2143 3169 ξ
2178 3092 2349 3168 243).
2427 3092 2562 3165 Qua
2605 3092 2667 3149 in
2706 3111 2767 3149 re

522 3180 658 3239 etsi
702 3180 870 3239 Beda
917 3181 1141 3239 erravit
1170 3216 1254 3227 --
1287 3179 1506 3239 oblitus
1554 3185 1642 3238 est
1688 3180 1843 3238 enim
1874 3180 2165 3239 Bonifatii
2194 3181 2582 3239 Domucensis
2627 3180 2764 3258 epis·

526 3269 679 3345 teopi
722 3269 804 3344 (h.
850 3289 902 3327 6.
951 3272 1008 3341 3,
1058 3271 1160 3342 20,
1207 3271 1242 3347 ἓ
1291 3270 1437 3339 209,
1486 3270 1556 3327 cf.
1588 3268 1810 3345 Bright
1854 3291 1912 3347 p.
1948 3271 2101 3347 212)
2140 3301 2237 3343 --,
2282 3275 2484 3328 tamen
2527 3275 2766 3347 apparet

522 3377 678 3415 ’611111
721 3377 913 3434 neque
961 3357 1243 3431 Oeddum,
1291 3356 1682 3417 Orientalium
1728 3356 2030 3417 Saxonum
2078 3358 2434 3437 episcopum,
2481 3377 2518 3417 a
2548 3357 2760 3417 Finano

544 3453 948 3505 consecratum
995 3466 1186 3522 neque
1230 3447 1278 3506 J
1278 3465 1649 3520 arumanum,
1711 3446 2063 3506 Merciorum
2111 3448 2476 3526 episcopum,
2537 3447 2760 3506 natione

523 3534 807 3608 Scotum,
851 3541 921 3595 ut
967 3535 1204 3594 videtur
1249 3537 1330 3612 (h.
1377 3549 1426 3594 6.
1476 3537 1534 3609 3,
1583 3536 1684 3608 24,
1734 3536 1769 3613 ἓ
1806 3537 1979 3613 224),
2025 3536 2301 3596 habuisse
2346 3556 2456 3613 pro
2504 3536 2758 3595 canonice

544 3623 852 3683 ordinatis.
941 3624 1188 3684 Ritibus
1247 3625 1437 3702 igitur
1493 3626 1786 3684 diversam
1847 3626 2026 3684 fuisse
2080 3646 2116 3684 a
2159 3625 2565 3684 Romanorum
2618 3642 2757 3683 more

546 3712 978 3772 ordinationem
1024 3713 1335 3773 Scotorum
1383 3714 1797 3791 suspicandum
1843 3720 1952 3773 6611.
2036 3713 2316 3773 Fortasse
2364 3714 2528 3773 Scoti
2570 3714 2758 3772 iisdem

544 3802 641 3861 vel
671 3802 960 3862 similibus
989 3803 1207 3863 ritibus
1230 3804 1554 3862 utebantur
1577 3808 1756 3878 atque
1779 3802 2059 3861 Britones
2083 3802 2227 3879 (vid.
2251 3823 2432 3881 supra
2454 3824 2513 3881 p.
2540 3805 2619 3861 26
2645 3806 2756 3879 sq.),

544 3912 682 3950 nam
741 3891 949 3950 iisdem
1011 3893 1210 3951 verbis
1258 3890 1605 3951 Theodorus
1665 3892 1974 3969 episcopos
2033 3898 2094 3951 et
2139 3914 2175 3952 a
2220 3891 2412 3951 Scotis
2458 3899 2521 3951 611
2565 3912 2600 3951 6
2640 3891 2753 3951 Bri·

692 4049 713 4080 ²
752 4050 898 4103 Nam
947 4050 1086 4115 puto
1133 4063 1316 4115 neque
1362 4047 1423 4100 in
1460 4045 1741 4100 Hibernia
1778 4047 2050 4114 scriptum
2088 4063 2208 4101 6666
2245 4046 2330 4111 id,
2369 4047 2523 4116 quod
2560 4048 2754 4117 saepius

525 4118 796 4172 ‹occurrit
833 4120 891 4171 in
929 4118 1017 4172 his
1044 4117 1365 4178 canonibus,
1406 4118 1847 4183 „H''2bernenses“
1874 4117 2119 4189 [dicunt]
2150 4118 2241 4171 vel
2280 4118 2556 4187 „synodus
2581 4118 2753 4172 Hiber-

543 4189 770 4244 nensi8“
809 4189 907 4259 (cf.
949 4188 1464 4253 Wasserschleben,
1507 4188 1588 4242 Ir.
1627 4187 1775 4242 Kan.
1813 4206 1868 4258 p.
1898 4188 2015 4258 IX)
2055 4206 2236 4259 neque
2274 4187 2560 4244 Theodori
2596 4190 2755 4243 archi·

550 4261 805 4331 episcopi
843 4261 939 4331 qui
976 4261 1244 4314 dicuntur
1280 4260 1458 4315 libros
1489 4261 1611 4329 jam
1645 4263 1782 4315 tunc
1802 4260 2095 4314 .Hibernis
2133 4260 2386 4331 cognitos
2425 4260 2612 4315 fuisso.

2749 4886 2844 4889 Ἀ-
2923 4791 2977 4889 ,1
