3025 4909
1422 216 1496 226 -.
1594 182 1853 255 42,-

510 368 643 421 θιιηι
686 358 749 419 in
794 358 954 418 mari
992 357 1263 429 Terreno,
1310 366 1373 417 ut
1416 358 1539 439 szse
1585 357 1736 419 dimit
1781 358 1843 418 in
1888 359 2431 422 commemoratione
2475 358 2832 420 laborum.

511 450 705 525 ErgO,
768 449 818 507 si
864 448 1117 525 hymnus
1164 447 1484 508 Tirechani
1538 449 1907 526 temporibus
1952 449 2246 509 vetustior
2310 455 2491 523 esset,
2565 455 2836 508 tamen

515 539 877 597 Tirechanus
909 538 1372 615 haudquaquam
1417 538 1695 597 carminis
1741 538 1925 598 verba
1970 539 2124 598 male
2169 538 2584 612 intellexisset,
2641 559 2832 597 nam

514 634 574 686 et
622 648 858 686 carmen
905 633 965 686 et
999 627 1364 686 Tirechanus
1409 628 1591 687 tertio
1640 629 1895 705 quodam
1942 633 2184 687 auctore
2230 628 2323 688 usi
2368 632 2510 688 sunt
2560 648 2828 705 eoque,

515 716 674 795 quod
720 717 959 794 quidem
992 715 1358 778 Tirechanus
1402 716 1661 794 putavit,
1706 716 1838 796 ipso
1868 716 2150 777 Patricio.
2212 717 2446 795 Itaque,
2497 717 2827 794 quando-

515 805 755 884 quidem
800 812 998 865 exstat
1043 805 1106 863 in
1151 805 1304 863 libro
1351 802 1773 864 Ardmachano
1821 805 2047 866 dictum
2092 805 2244 866 illud
2281 806 2538 865 Patricii
2587 825 2827 884 supra

514 898 598 972 (p.
649 894 757 971 34)
803 894 1233 972 transcriptum
1250 939 1264 967 ,
1334 894 1697 954 simillimum
1742 894 1902 953 haud
1947 895 2127 955 dubie
2174 894 2260 969 ei,
2320 915 2438 973 quo
2484 900 2550 954 et
2602 896 2822 954 Tire-

515 983 737 1043 chanus
784 989 845 1042 et
890 982 1082 1056 Fieci,
1145 983 1249 1061 qui
1293 983 1538 1057 dicitur,
1601 984 1808 1060 hymni
1852 990 2031 1062 poeta
2077 984 2170 1043 usi
2215 990 2377 1058 sunt,
2434 985 2820 1062 permirum

513 1072 660 1131 mihi
705 1071 1027 1146 videretur,
1074 1073 1126 1131 si
1172 1072 1306 1150 quis
1354 1073 1630 1132 carminis
1675 1074 1877 1146 verba,
1926 1093 2077 1151 quae
2123 1073 2187 1131 in
2234 1073 2480 1133 eandem
2526 1081 2817 1133 senten-

513 1161 662 1221 tiam
716 1160 907 1240 accipi
962 1169 1239 1240 possunt,
1302 1167 1503 1220 tamen
1558 1162 1735 1221 aliter
1800 1162 2300 1241 interpretaretur
2363 1163 2578 1223 Nonne
2645 1163 2814 1221 duo

515 1256 697 1309 testes
758 1251 1027 1310 sermone
1090 1252 1250 1310 claro
1308 1257 1368 1310 et
1421 1252 1619 1310 lucido
1673 1251 1765 1310 usi
1820 1252 1999 1311 tertio
2055 1253 2303 1312 obscuro
2359 1253 2496 1330 plus
2543 1253 2810 1324 valent,

513 1339 693 1417 idque
727 1360 795 1399 eo
827 1340 1036 1417 magis,
1084 1361 1202 1418 quo
1233 1339 1464 1399 facilius
1495 1340 1633 1399 huic
1661 1340 1900 1399 illorum
1931 1341 2227 1401 sententia
2268 1341 2480 1417 subJ‘ici
2524 1346 2748 1420 potest
2765 1341 2808 1399 Ῥ

514 1427 795 1502 Accedit,
864 1429 1022 1506 quod
1066 1449 1255 1507 paene
1301 1430 1527 1503 omnia,
1590 1449 1741 1507 quae
1793 1464 1868 1473 —-
1921 1429 2044 1489 sive
2092 1433 2229 1506 jure
2275 1430 2402 1490 sive
2448 1451 2802 1509 perperam

517 1553 599 1563 —
658 1516 922 1576 Patricio
977 1518 1378 1591 ascribuntur,
1449 1519 1651 1597 qualia
1706 1540 1863 1577 nunc
1917 1524 2178 1593 exstant,
2248 1520 2436 1579 latino
2494 1540 2798 1578 sermone

516 1607 852 1683 conscripta
898 1613 1063 1680 sunt,
1120 1607 1371 1685 ideoque
1418 1607 1836 1687 suspicandum
1884 1613 1975 1668 est
2017 1608 2166 1666 illud
2213 1629 2449 1685 quoque
2495 1608 2791 1679 Patricii‚

516 1714 634 1773 quo
683 1695 1046 1755 Tirechanus
1095 1702 1155 1755 et
1201 1695 1392 1770 Fieci,
1457 1698 1562 1775 qui
1607 1697 1850 1770 dicitur,
1912 1697 2165 1773 hymnus
2210 1698 2306 1757 usi
2350 1704 2515 1771 sunt,
2578 1698 2788 1757 latine

516 1804 641 1843 esse
698 1785 939 1844 dictum.
1033 1785 1294 1845 Tantum
1349 1787 1537 1864 igitur
1592 1788 1785 1859 abest,
1854 1792 1922 1846 ut
1980 1786 2347 1846 Tirechanus
2401 1787 2464 1845 in
2523 1807 2780 1846 conver·

513 1873 696 1933 tendo
742 1875 894 1932 male
939 1874 1302 1934 intellexerit
1345 1875 1512 1935 Fieci
1558 1876 1864 1953 hymnum,
1934 1881 2003 1935 ut
2056 1875 2256 1953 potius
2301 1875 2508 1953 hymni
2554 1883 2782 1935 auctor

515 1964 878 2022 accusandus
935 1964 1039 2036 sit,
1111 1964 1268 2041 quod
1323 1971 1447 2023 tam
1501 1966 1656 2024 male
1709 1964 2036 2024 Hibernice
2093 1965 2279 2024 vertit
2335 1965 2560 2024 dictum
2616 1965 2775 2023 illud

513 2051 795 2124 Patrioii,
865 2059 933 2112 ut
986 2052 1061 2112 de
1115 2053 1585 2132 interpretandis
1648 2053 1836 2130 ipsius
1891 2053 2088 2114 verbis
2145 2054 2264 2113 viri
2320 2054 2484 2114 docti
2538 2054 2772 2113 dissen-

514 2140 632 2200 tire
677 2140 925 2219 possint.

693 2229 886 2307 Ergo,
943 2230 994 2289 si
1037 2231 1292 2307 hymnus
1336 2230 1501 2290 Fieci
1558 2233 1634 2291 ab
1679 2232 1810 2309 ipso
1855 2231 2063 2306 Fieco,
2133 2232 2237 2309 qui
2280 2230 2534 2290 Patricii
2589 2231 2768 2290 disci-

514 2320 689 2397 pulus
734 2319 914 2378 fuisse
952 2320 1254 2393 ·traditur,
1324 2321 1684 2399 compositus
1740 2326 1919 2394 esset,
1988 2322 2073 2379 nil
2128 2321 2291 2380 aliud
2347 2322 2772 2398 comprobaret

514 2408 629 2467 nisi
680 2412 805 2482 jam
860 2414 1003 2467 tunc
1048 2408 1299 2469 Patricii
1354 2408 1502 2468 illud
1560 2411 1633 2468 de
1687 2409 2003 2470 itineribus
2057 2410 2176 2470 suis
2229 2431 2337 2489 per
2385 2408 2647 2468 Galliam
2707 2414 2773 2468 et

514 2497 756 2556 Italiam
803 2517 931 2556 esse
979 2498 1404 2557 circumlatum.

695 2584 812 2645 Sed
876 2586 1122 2645 dubium
1181 2608 1300 2646 non
1370 2592 1487 2660 est,
1561 2588 1706 2664 quin
1777 2589 1961 2647 multo
2021 2593 2159 2664 post
2227 2587 2596 2664 conscriptus
2667 2587 2772 2647 sit.

516 2675 763 2734 Certum
812 2682 932 2749 est,
1002 2696 1134 2733 eum
1181 2678 1371 2736 altera
1432 2677 1652 2736 saeculi
1713 2676 1867 2736 sexti
1929 2682 2100 2754 parte
2153 2677 2414 2756 priorem
2460 2695 2578 2734 non
2637 2696 2773 2735 esse

517 2763 622 2839 (H.
670 2765 787 2822 and
835 2763 922 2823 St.
969 2765 1056 2837 II,
1092 2767 1149 2838 2,
1190 2788 1248 2844 p.
1285 2767 1410 2824 360
1443 2773 1567 2825 not.
1600 2769 1680 2843 a),
1724 2786 1977 2839 rursum,
2024 2766 2138 2825 etsi
2185 2766 2303 2825 alia
2350 2771 2441 2823 est
2486 2764 2773 2824 carminis

517 2853 635 2911 alia
682 2852 966 2912 historiae
1012 2860 1255 2929 natura,
1316 2860 1518 2913 tamen
1566 2855 1705 2913 licet
1752 2854 1984 2932 opinari
2031 2857 2128 2931 (cf.
2175 2855 2255 2913 H.
2304 2854 2423 2913 and
2469 2852 2557 2912 St.
2603 2854 2640 2911 1.
2690 2856 2770 2930 c.)

517 2962 650 2999 eum
713 2943 1104 3020 compositum
1168 2963 1324 3021 esse,
1398 2945 1744 3021 priusquam
1807 2945 2009 3003 fabula
2082 2943 2155 3002 de
2220 2942 2590 3016 CoelestinO,
2662 2943 2772 3019 qui

517 3030 847 3089 Patricium
904 3032 1175 3105 misisset,
1235 3032 1396 3110 apud
1441 3053 1644 3091 omnes
1691 3034 1999 3111 divulgata
2052 3038 2223 3091 esset.
2314 3033 2486 3090 Intra
2532 3037 2772 3090 sextum

518 3120 704 3197 igitur
750 3121 1047 3180 saeculum
1094 3128 1153 3179 et
1200 3141 1420 3179 nonum
1467 3122 1837 3200 conscriptus
1892 3127 1998 3180 est.
2090 3119 2209 3179 Sed
2265 3141 2464 3197 spero,
2524 3140 2767 3179 accura-

518 3210 640 3267 tius
686 3215 921 3288 tempus
966 3231 1140 3287 posse
1188 3209 1438 3269 definiri.
1531 3211 1625 3269 De
1681 3230 1798 3287 qua
1851 3231 1916 3269 re
1963 3211 2145 3269 verba
2192 3210 2460 3268 dicturus
2506 3210 2582 3267 ab
2630 3227 2766 3268 exa-

517 3298 798 3357 minanda
859 3298 1065 3359 Skenii
1124 3300 1422 3359 sententia
1488 3300 1727 3358 initium
1798 3300 2029 3358 faciam.
2145 3298 2537 3375 Sagacissime
2608 3298 2767 3356 enim

519 3386 790 3462 Skenius,
840 3390 1076 3466 quando
1106 3388 1273 3446 Fieci
1305 3388 1557 3465 hymnus
1590 3388 1950 3465 compositus
1992 3395 2163 3461 esset,
2211 3387 2488 3464 colligere
2536 3387 2766 3446 studuit

520 3496 592 3533 ex
638 3478 914 3536 extremis
954 3498 1142 3556 paene
1173 3476 1450 3536 carminis
1481 3478 1681 3537 verbis
1712 3478 1876 3535 hisce
1911 3477 2015 3553 (H.
2040 3477 2157 3535 and
2183 3476 2270 3535 St.
2295 3476 2381 3549 II,
2411 3476 2467 3548 2,
2497 3497 2557 3553 p.
2586 3477 2764 3552 361):

624 3561 813 3624 When
857 3564 1102 3625 Patriclc
1146 3573 1294 3626 went
1340 3567 1450 3641 (=
1485 3566 1663 3642 obiit)
1709 3562 1778 3625 he
1823 3563 2026 3624 visited
2070 3562 2160 3624 the
2204 3562 2362 3624 other
2408 3560 2678 3634 Patr-ich

607 3652 652 3712 it
696 3652 747 3713 is
793 3652 1044 3735 toyether
1088 3650 1215 3734 they
1258 3654 1548 3715 aecended
1590 3663 1648 3715 to
1695 3649 1893 3724 Jeme,
1941 3651 2169 3735 Mary's
2215 3650 2357 3712 Son.

519 3744 819 3801 Mirabilia
864 3745 1009 3801 haec
1054 3742 1254 3801 verba.
1348 3744 1502 3802 Nam
1552 3744 1684 3820 quis
1730 3748 1820 3802 est
1863 3742 1963 3800 ille
2009 3743 2162 3800 alter
2208 3741 2549 3800 Patricius?
2622 3742 2762 3801 Ske-

521 3832 652 3890 nius
700 3832 811 3908 (II,
859 3853 915 3909 p.
967 3831 1093 3888 438
1143 3852 1271 3908 sqq.
1321 3839 1382 3890 et
1429 3833 1560 3889 428
1608 3834 1721 3909 sq.)
1778 3833 2027 3891 alterum
2082 3831 2412 3890 Patricium
2459 3831 2579 3903 vel,
2651 3851 2764 3906 quo

520 3922 755 3980 nomine
810 3920 1169 3997 posteriores
1216 3927 1492 3994 utuntur,
1564 3942 1797 3995 „senem
1842 3920 2224 3995 Patricium“,
2295 3922 2463 3995 cujus
2516 3919 2765 3997 primam

521 4009 880 4068 mentionem
937 4014 1170 4069 exstare
1222 4015 1401 4087 putat
1459 4011 1525 4069 in
1583 4011 1803 4084 feriali,
1866 4011 2024 4087 quod
2082 4009 2303 4069 dicitur
2326 4008 2351 4044 ¹
2404 4008 2574 4085 Angi
2635 4015 2777 4083 cog-'

712 4218 733 4248 ¹
773 4216 889 4271 Sed
915 4232 1230 4286 perperam,
1274 4233 1406 4269 nam
1433 4220 1676 4269 exeunte
1704 4217 1928 4271 saeculo
1955 4234 2105 4271 nono
2130 4216 2275 4270 illud
2299 4215 2498 4271 feriale
2526 4215 2765 4287 (Felire)

526 4288 683 4359 prius
720 4306 834 4342 non
872 4292 959 4343 est
996 4287 1065 4343 cf.
1105 4286 1365 4353 Warren,
1406 4305 1460 4357 p.
1500 4286 1664 4343 XIV.
