3025 4909
1111 216 1545 274 -57-

153 393 574 455 Sanctorum
619 395 946 455 Hiberniae
993 395 1098 472 (H.
1130 395 1248 455 and
1280 394 1365 455 St.
1397 394 1483 469 II,
1520 398 1576 470 2,
1623 417 1682 474 p.
1716 397 1863 470 292,
1912 397 1982 456 cf.
2026 416 2208 475 supra
2245 418 2303 475 p.
2338 397 2447 475 52)

155 484 595 562 conscripsit,
656 505 775 543 non
828 484 1000 562 fugit.
1092 486 1245 546 Nam
1293 505 1424 545 cum
1471 485 1544 544 de
1588 485 1779 564 primo
1826 485 2180 547 Sanctorum
2225 486 2448 561 ordine,

155 573 307 654 qui
369 582 497 633 erat
552 573 614 633 in
671 582 927 656 tempore
971 571 1249 645 Patn'cii,
1309 574 1528 635 dixerit
1572 594 1756 635 unum
1813 585 1991 655 caput
2047 570 2347 636 Cleri-stum
2397 584 2451 636 et

155 682 396 722 unum
460 662 667 724 ducem
725 660 1054 723 Patricium
1111 661 1421 735 habebant,
1491 665 1565 723 de
1625 666 1907 739 secundo,
1977 665 2080 742 qui
2126 666 2449 726 Columbae

168 754 586 832 temporibus
632 758 775 827 erat,
821 754 906 812 nil
961 752 1076 813 nisi
1120 774 1328 824 unum,
1388 753 1611 831 inquit,
1671 763 1845 836 caput
1888 751 2201 827 habebant,
2263 754 2446 816 domi·

161 863 357 902 num
399 850 679 902 nostrum.
1217 893 1224 900 .

392 932 556 1008 Ergo
606 952 725 991 non
769 932 919 991 illud
971 931 1270 1009 singulare
1330 938 1484 1006 erat,
1535 932 1691 1010 quod
1738 933 2154 993 monesterium
2200 934 2447 994 Hiiense

171 1021 622 1101 principatum
671 1022 964 1099 quendam
1008 1022 1252 1082 tenebat
1295 1021 1358 1080 in
1390 1021 1523 1081 aliis
1555 1021 1941 1096 monasteriis,
1988 1023 2093 1082 sed
2122 1023 2248 1097 hoc,
2291 1024 2449 1101 quod

177 1133 331 1171 non
383 1112 570 1171 solum
601 1112 885 1170 nonnulla
930 1112 991 1169 in
1023 1111 1317 1170 Hibernia
1348 1112 1720 1185 monasteria,
1760 1111 1865 1171 sed
1896 1119 2107 1173 cuncta
2135 1112 2448 1173 Pictorum

177 1209 380 1261 terra
424 1201 692 1260 Hiiensis
738 1199 1081 1260 monasterii
1125 1202 1332 1260 abbati
1376 1208 1506 1260 erat
1553 1202 1835 1277 subjecta.
1884 1236 1958 1246 -
1995 1202 2205 1279 Neque
2248 1207 2447 1263 tamen

177 1293 323 1351 hoc
372 1290 707 1350 mirandum
755 1296 870 1363 est,
933 1310 1070 1349 nam
1116 1291 1193 1349 ab
1237 1311 1355 1350 uno
1401 1292 1503 1350 illo
1566 1290 1922 1350 monasterio
1968 1297 2097 1351 tota
2141 1292 2447 1352 Pictorum

183 1402 362 1460 gens
407 1379 623 1440 sensim
670 1380 1101 1458 paullatimque
1132 1379 1194 1438 in
1225 1381 1566 1440 societatem
1609 1379 1963 1440 christianae
2009 1381 2149 1441 fidei
2193 1402 2446 1441 assume·

182 1473 426 1543 batur,
491 1490 622 1528 cum
682 1470 745 1527 in
805 1468 1100 1528 Hibernia
1157 1475 1365 1547 utpote
1419 1473 1545 1547 jam
1600 1468 1921 1530 christiana
1974 1472 2271 1549 permulta
2327 1491 2446 1530 mo-

186 1559 479 1620 nasteria
521 1579 641 1618 una
687 1558 1008 1636 eademque
1055 1564 1251 1618 aetate
1298 1560 1813 1619 constituerentur.

394 1649 565 1708 Haec
613 1649 683 1707 de
731 1654 977 1707 externa
1022 1648 1296 1708 ecclesiae
1342 1648 1654 1709 Scotorum
1702 1651 1908 1709 forma.
1986 1649 2158 1710 Nunc
2202 1649 2447 1728 propius

181 1743 331 1816 jam
392 1738 735 1799 accedamus
793 1738 870 1796 ad
927 1737 1358 1815 inspiciendum
1420 1738 1696 1799 ecclesiae
1755 1743 1995 1800 statum.
2085 1739 2448 1799 Monasteria

191 1829 499 1887 nonnulla
532 1828 926 1906 episcopalem
958 1828 1255 1903 quandam
1287 1849 1487 1888 euram
1517 1828 1580 1887 in
1613 1828 1858 1889 ecclesia
1887 1827 2135 1906 gessisse
2165 1827 2446 1902 vidimus3

196 1918 460 1991 accedit,
510 1918 669 1995 quod
713 1917 880 1975 Beda
926 1923 1131 1976 narrat
1175 1918 1248 1975 de
1295 1918 1653 1977 monasterio
1691 1917 1958 1977 Hiiensi:
2004 1914 2211 1977 habere
2254 1926 2449 1977 autem

197 2004 354 2067 solet
410 2005 542 2087 ipsa
601 2004 792 2066 meula
843 2014 1122 2065 rectorem
1180 2025 1407 2087 semper
1465 2005 1731 2068 abbatem
1794 2003 2221 2109 presbyterum,
2285 2003 2447 2088 cujus

186 2093 342 2178 juri
386 2104 436 2155 et
479 2094 666 2155 omnis
698 2093 1014 2175 premnt-ia
1073 2104 1126 2155 et
1186 2094 1303 2175 ipsi
1357 2095 1531 2156 etiam
1591 2094 1849 2197 episcopi
1918 2095 2119 2156 ordine
2176 2095 2447 2157 inusitato

203 2184 455 2245 debeant
502 2204 619 2245 esse
663 2179 925 2265 subjecti,
974 2180 1156 2265 ιἰιωιεα
1208 2182 1536 2266 exemplum
1583 2183 1781 2264 Jm’mi
1835 2184 2114 2257 doctoris,
2175 2184 2277 2267 qai
2332 2206 2449 2246 non

203 2273 536 2355 epiecopus,
599 2274 702 2335 sed
747 2272 1055 2354 presbyter
1099 2273 1309 2335 exstitit
1374 2283 1426 2334 et
1468 2271 1786 2334 monachus
1832 2275 1913 2352 (h
1947 2295 1994 2333 e.
2030 2276 2094 2349 3,
2129 2276 2169 2333 4
2203 2277 2237 2353 ξ
2277 2276 2445 2353 160).

207 2364 418 2439 Quid?
486 2364 705 2423 Utrum
752 2364 1051 2440 singulare
1099 2369 1229 2422 erat
1275 2363 1432 2442 quod
1478 2364 1552 2423 de
1598 2364 1955 2424 monasterio
2000 2364 2240 2424 Hiiensi
2282 2364 2451 2425 Beda

208 2459 457 2512 enarrat
520 2453 716 2514 verbis
775 2452 950 2511 modo
1013 2456 1507 2528 commemoratis,
1580 2474 1656 2513 an
1722 2453 1877 2513 idem
1943 2454 2123 2514 etiam
2183 2453 2328 2513 alibi
2387 2455 2450 2513 in

209 2542 462 2602 ecclesia
494 2541 808 2603 Scotorum
851 2542 1306 2602 inveniebatur?
1369 2542 1529 2617 Quid
1560 2543 1796 2602 omnino
1838 2542 2223 2618 judicandum
2256 2550 2346 2603 est
2376 2544 2449 2602 de

210 2633 576 2693 auctoritate
608 2632 727 2706 illa,
771 2652 947 2710 quam
988 2631 1347 2692 monasteria
1386 2633 1449 2691 in
1492 2633 1734 2693 ecclesia
1765 2632 2077 2692 Scotorum
2107 2633 2449 2693 habebant?

395 2720 787 2780 Perdifficiles
835 2729 972 2781 sunt
1017 2722 1127 2780 hae
1174 2722 1571 2797 queestiones,
1620 2742 1838 2799 eaeque
1883 2723 2060 2796 tales,
2115 2722 2189 2782 de
2234 2722 2449 2799 quibus

212 2810 411 2871 adhuc
457 2809 632 2868 hodie
662 2810 779 2868 viri
823 2810 983 2869 docti
1029 2810 1266 2869 minime
1312 2811 1704 2871 consentiant.
1766 2811 1899 2886 Qua
1930 2812 2003 2871 de
2035 2832 2211 2871 causa
2256 2812 2448 2871 facere

209 2920 335 2959 non
394 2919 663 2978 possum,
724 2904 792 2957 ut
850 2899 914 2957 in
972 2900 1104 2978 ipsa
1157 2899 1561 2978 disputatione
1617 2901 1909 2979 expressis
1955 2901 2152 2960 verbis
2197 2901 2448 2960 aliorum

215 2989 541 3050 sententias
572 2988 929 3066 impugnem.
983 2989 1175 3047 Meam
1206 2989 1408 3066 potius
1429 2990 1588 3049 viam
1619 2990 1968 3068 simpliciter
1998 3011 2337 3068 persequar,
2361 3026 2449 3035 -

213 3078 506 3156 siquidem
551 3098 682 3136 mea
728 3086 841 3151 est,
906 3098 1084 3155 quam
1131 3097 1249 3136 non
1307 3077 1684 3151 invenissem,
1745 3079 1857 3139 nisi
1920 3079 2067 3138 alios
2112 3079 2449 3140 habuissem

214 3169 392 3227 duces
438 3167 686 3227 itineris.

392 3256 720 3315 Exordium
766 3277 838 3316 ex
883 3257 1005 3316 alto
1050 3261 1320 3334 petamus
1365 3277 1601 3316 necesse
1648 3261 1752 3316 est.
1831 3256 2246 3331 Quaerendum
2293 3257 2446 3316 enim

218 3352 323 3421 est,
355 3367 494 3405 num
528 3346 767 3405 omnino
799 3345 1019 3422 gradus
1051 3346 1431 3406 ecclesiastici
1464 3366 1580 3405 non
1612 3347 1988 3425 reperiantur
2028 3346 2189 3426 apud
2220 3345 2446 3420 Scotos,

219 3457 356 3495 num
404 3455 603 3495 omnes
650 3435 848 3494 clerici
880 3436 1141 3514 exceptis
1172 3435 1488 3495 abbatibus
1521 3456 1591 3493 ea
1630 3443 1821 3513 parte,
1869 3443 2159 3515 quatenus
2201 3438 2447 3497 abbates

220 3533 401 3598 erant,
447 3544 621 3602 pares
662 3524 886 3584 fuerint
932 3524 1227 3602 dignitate
1272 3524 1426 3584 sicut
1471 3545 1597 3584 mos
1645 3531 1734 3584 est
1779 3526 2236 3585 monachorum?

389 3615 806 3687 Diaconorum,
855 3615 927 3672 de
974 3615 1190 3691 quibus
1220 3616 1475 3693 primum
1506 3613 1818 3674 dicendum
1860 3622 1966 3688 est,
2012 3615 2281 3692 gradum,
2329 3635 2446 3674 non

221 3705 347 3763 dico
408 3723 620 3762 nomen
684 3703 962 3778 (Ebrard.
1007 3725 1065 3782 p.
1121 3704 1244 3762 180
1292 3706 1464 3781 sqq),
1528 3702 1687 3782 apud
1743 3702 1950 3764 Scotos
2012 3724 2131 3763 non
2191 3704 2446 3764 defuisse

227 3792 610 3852 Adamnanus
656 3799 748 3852 est
792 3792 990 3866 testis;
1036 3793 1205 3870 isque
1238 3799 1432 3852 certus
1479 3813 1548 3851 ac
1593 3794 1814 3853 bonus:
1863 3814 2015 3867 nam,
2064 3794 2173 3853 etsi
2220 3795 2447 3873 primus

223 3883 497 3942 abbatum
521 3882 875 3955 Hiiensium,
908 3887 976 3941 ut
1007 3890 1215 3960 postea
1247 3881 1595 3956 videbimus,
1630 3902 1762 3941 cum
1787 3882 2073 3942 Romanis
2103 3884 2446 3943 societatem

226 4059 345 4112 culo
383 4057 621 4124 septimo
671 4056 994 4126 episcopum
1041 4055 1503 4110 Ardmachanum
1542 4056 1921 4126 principatum
1973 4057 2252 4126 quendam
2299 4055 2444 4110 obti-

223 4128 418 4194 nuisse,
460 4128 608 4196 quod
645 4128 796 4181 idem
836 4127 967 4181 inde
994 4131 1252 4197 apparet,
1294 4127 1448 4197 quod
1473 4144 1617 4181 anno
1645 4128 1746 4184 697
1776 4129 2069 4198 episcopus
2095 4126 2443 4183 Ardmacha·

225 4219 319 4254 nus
360 4199 573 4266 synodo
615 4198 848 4253 'sarensi
886 4199 1133 4281 praefuit
1171 4198 1384 4268 (Skene
1410 4196 1488 4262 II,
1519 4217 1574 4266 p.
1613 4200 1753 4269 173).
1804 4198 1918 4254 Sed
1945 4200 2164 4253 saeculo
2205 4200 2443 4269 septimo

227 4275 455 4326 exeunte
494 4271 862 4325 vetustiorem
902 4286 1020 4323 esse
1047 4271 1326 4340 insignem
1353 4271 1515 4323 illum
1542 4271 1689 4324 sedis
1713 4270 2148 4325 Ardmachanae
2175 4270 2441 4324 honorem

226 4342 567 4413 comprobari
604 4359 717 4396 non
753 4345 958 4410 potest.
