3025 4909
1128 235 1238 250 -.
1309 201 1396 258 6-5
1488 177 1675 246 -’

167 379 372 439 alter
430 377 675 455 quidam
722 379 1027 457 episcopus
1087 379 1151 438 in
1203 379 1625 440 monasterium
1670 386 1916 440 venerat
1963 383 2056 458 (ut
2080 380 2269 440 Beda
2311 382 2367 439 h.
2414 403 2464 441 e.

170 468 246 540 3,
311 469 446 540 21,
493 467 529 544 ἓ
565 468 740 544 212),
783 468 857 527 iis
902 489 1021 528 non
1065 469 1268 528 liceret
1310 469 1519 528 relicto
1565 469 1921 528 monasterio
1961 470 2356 547 peregrinatis
2400 472 2490 535 in.

168 556 368 617 alias
418 557 696 633 regiones
743 556 937 616 officia
981 557 1242 636 episcopi
1288 577 1424 616 cum
1478 557 1762 635 simplicis
1822 558 2095 620 monachi
2138 559 2267 621 vita
2312 580 2490 620 com··

173 652 484 705 mutare.
532 680 619 692 --
664 646 841 706 Unde
885 646 1014 705 fieri
1061 647 1275 725 potuit,
1322 653 1391 706 ut
1435 646 1552 705 duo
1598 648 1692 707 vel
1736 648 1945 725 plures,
1989 648 2053 705 in
2097 668 2215 707 uno
2263 669 2475 710 mona-

175 734 408 794 sterio
455 742 963 795 commorarentur
1006 736 1287 815 episcopi,
1334 736 1479 812 quin
1535 736 1714 795 etiam
1761 737 1983 796 factum
2031 743 2138 809 est,
2185 744 2254 797 ut
2299 738 2460 798 affir-

176 829 337 883 mat
388 823 664 883 Toddius
711 824 854 900 (vid.
884 825 1160 902 Loening
1205 824 1292 898 ΙΙ,
1324 847 1383 903 p.
1416 824 1544 884 445
1577 831 1702 884 not.
1740 826 1820 901 1),
1865 826 2025 902 quod
2073 828 2466 905 comprobant

176 913 506 972 Muirehu
549 913 679 986 (vit.
712 913 877 973 Patr.
909 914 1165 974 Betham
1198 913 1285 987 H,
1317 935 1452 992 app.
1484 935 1543 991 p.
1575 913 1701 991 XI)
1743 921 1806 973 et
1837 913 2203 974 Tirechanus
2234 916 2487 991 (annot,

182 1001 281 1060 ib.
322 1001 648 1078 XXVII),
698 1002 917 1081 quippe
963 1003 1067 1079 qui
1110 1002 1391 1062 finxerint
1438 1002 1692 1063 Patricii
1729 1005 1855 1078 jam
1899 1003 2267 1082 temporibus
2312 1004 2486 1066 duos.

186 1091 537 1169 episcopos
585 1091 788 1149 eodem
835 1099 1102 1169 tempore
1147 1093 1337 1151 eidem
1385 1091 1661 1151 ecclesiae
1705 1092 2049 1169 praefuisse.

398 1179 573 1238 Haec
618 1180 692 1239 de
739 1180 1029 1258 episcopis
1059 1180 1591 1253 monasterialibus,
1623 1214 1706 1228 -
1736 1180 2055 1240 incertiora
2084 1201 2239 1253 sane,
2283 1201 2485 1258 quam.¹

185 1273 268 1327 ut
319 1288 429 1326 me
476 1269 672 1344 ipsum
716 1269 1044 1347 impediant
1088 1275 1325 1348 optare,
1370 1276 1440 1329 ut
1483 1268 1630 1328 haec
1674 1275 1807 1329 tota
1858 1270 1938 1328 de
1988 1270 2280 1348 episcopis
2335 1291 2461 1329 mo·

190 1357 645 1417 nasterialibus
708 1358 977 1434 quaestio
1039 1359 1290 1418 exclusis
1348 1358 1591 1418 incertis
1650 1358 2044 1434 posteriorum
2102 1359 2463 1420 testimoniis

192 1446 416 1506 denuo
476 1451 774 1506 tractetur
833 1446 908 1505 ab
971 1447 1072 1517 iis,
1134 1448 1238 1523 qui
1296 1468 1392 1506 res
1449 1446 1811 1506 Hibernicas
1868 1447 2108 1525 penitus
2165 1448 2458 1508 noverint.

197 1535 396 1609 Qsuod
443 1534 496 1594 si
541 1535 765 1595 factum
813 1535 942 1609 erit,
987 1557 1161 1614 spero
1206 1538 1349 1608 fore,
1394 1542 1464 1595 ut
1501 1535 1875 1595 manifestius
1915 1535 2039 1606 fiat,
2088 1536 2245 1613 quod
2276 1557 2456 1615 supra

199 1623 519 1695 contendi,
564 1623 628 1682 in
675 1624 918 1684 ecclesia
950 1623 1261 1683 Scotorum
1306 1632 1547 1702 praeter
1591 1624 1699 1683 bos
1743 1624 2189 1684 monasteriales
2234 1646 2482 1702 nequae.

203 1731 397 1789 quam
448 1711 705 1772 defuisse
750 1714 1056 1791 episcopos
1100 1713 1486 1791 parochiales.

398 1800 504 1860 An
549 1801 704 1874 inde,
753 1802 911 1879 quod
957 1803 1019 1861 in
1050 1801 1252 1862 Gallia
1284 1802 1502 1862 saeculi
1533 1801 1729 1861 octavi
1759 1801 2127 1880 temporibus
2165 1821 2457 1862 nonnum-

206 1909 399 1965 quam
458 1889 641 1950 iidem
699 1891 966 1969 episcopi
1024 1892 1464 1951 monasteriales
1520 1890 1906 1949 inveniuntur
1956 1924 2039 1934 —
2082 1910 2152 1950 ac
2216 1890 2456 1967 quidem

207 1980 568 2057 plerumque
612 1979 731 2052 ita,
793 1986 862 2039 ut
907 1980 1025 2058 ipsi
1070 1981 1318 2040 abbates
1361 1980 1541 2038 iidem
1588 1979 1849 2057 episcopi
1893 1978 2075 2038 fuisse
2119 1979 2459 2052 videantur,

208 2067 413 2126 rarius
457 2068 567 2141 ita,
629 2074 700 2126 ut
745 2068 1008 2146 episcopi
1063 2069 1154 2129 illi
1214 2068 1590 2146 reperiantur
1634 2068 1697 2126 in
1743 2068 2162 2127 monachorum
2206 2088 2457 2128 numero

180 2163 524 2216 ·versantes
585 2163 650 2216 et
708 2151 1025 2216 abbatib‘us
1085 2158 1340 2233 subjecti
1388 2191 1464 2201 -
1514 2157 1787 2232 sequitur
1843 2163 1988 2216 tunc
2045 2157 2330 2234 temporis
2387 2157 2455 2215 in

213 2242 422 2304 Gallia
468 2245 726 2305 defuisse
770 2246 938 2305 sedes
985 2245 1346 2325 episcopales
1361 2246 1390 2304 ?
1436 2244 1631 2304 Immo
1673 2245 1792 2323 ipsi
1837 2245 2258 2323 episcopalium
2305 2243 2453 2306 Gal·

212 2333 333 2392 liae
379 2334 618 2393 urbium
660 2335 966 2412 praesules
1011 2341 1073 2393 et
1115 2335 1230 2412 ipsi
1269 2334 1534 2413 episcopi
1560 2333 1834 2406 Romani,
1882 2354 2032 2411 quae
2071 2337 2209 2409 jura
2254 2340 2455 2394 essent

215 2421 629 2500 episcoporum
682 2423 1219 2496 monasterialium,
1280 2422 1627 2500 privilegiisr
1656 2423 2051 2482 firmaverunt
2094 2422 2453 2499 (Harttung,

215 2531 274 2588 p.
305 2511 631 2587 -34—47).
721 2512 878 2570 Eam
935 2512 1128 2589 ipsam
1188 2512 1268 2569 ob
1328 2531 1563 2571 causam
1607 2511 1987 2588 Hal-ttungio⁴
2026 2514 2109 2588 (p.
2159 2511 2267 2587 34)
2328 2531 2467 2572 non·

218 2601 534 2659 concedam
597 2600 905 2678 episcopos
960 2601 1095 2659 illos
1140 2600 1586 2660 monasteriales
1631 2599 1911 2659 ecclesiae
1958 2598 2305 2660 Gallicanae
2350 2605 2461 2660 ut·-

219 2693 359 2766 pote
404 2688 482 2746 ab.
528 2688 832 2765 episcopis.
865 2690 1230 2766 gubernatae
1255 2687 1338 2748 'et
1380 2689 1459 2750 in.
1490 2689 1801 2767 parochias
1828 2688 2190 2766 episcopales
2221 2688 2454 2748 divisae

220 2784 342 2836 tam
385 2776 539 2836 male
587 2776 940 2852 quadrasse,.
967 2786 1039 2836 ut
1082 2779 1276 2837 facere
1322 2798 1440 2837 non
1469 2778 1776 2855 possimus>
1823 2778 1967 2853 quin
2007 2783 2282 2853 putemus
2327 2796 2451 2838 non

222 2866 343 2923 sine
388 2884 569 2942 opera
616 2862 928 2924 Scotorum
974 2866 1194 2924 factum
1234 2872 1393 2939 esse,
1449 2872 1519 2924 ut
1572 2866 1633 2923 in
1681 2864 1880 2925 Gallia
1926 2885 2158 2942 quoque
2203 2866 2296 2923 illi
2340 2886 2461 2944 ap·-

191 2960 476 3031 ·pareant.
537 2951 643 3012 Ab
673 2953 823 3031 ipse,
867 2954 1083 3030 inquit,
1113 2954 1473 3014 hierarchico
1505 2955 1668 3014 statu
1700 2955 1958 3032 episcopi
1999 2954 2453 3018 monasteriales

223 3042 470 3120 profecti.
507 3062 633 3101 esse
679 3062 800 3101 non
843 3050 1110 3121 possunt.
1187 3041 1382 3119 Atqui
1428 3063 1464 3100 a
1506 3043 1877 3103 monasteriis
1923 3050 1984 3103 et
2031 3043 2095 3101 in
2141 3041 2340 3101 Gallia
2384 3048 2444 3100 et

225 3131 285 3190 in
326 3130 636 3190 Hibernia.
724 3130 942 3209 Itaque
986 3152 1124 3190 raro
1168 3131 1556 3190 inveniuntur
1600 3132 1663 3188 in
1710 3130 1933 3204 Gallia,
1996 3132 2229 3208 saepius
2283 3131 2445 3207 apud

228 3218 436 3291 Sontes,
490 3239 744 3296 quorum
791 3221 1066 3280 universa
1113 3220 1358 3279 ecclesia
1402 3219 1747 3278 monasterii
1799 3220 2053 3296 speciem
2098 3220 2463 3297 praebebat..

386 3308 520 3368 Huc
566 3307 726 3368 enim
755 3308 1006 3369 redeunt
1037 3308 1250 3382 omnia,
1291 3328 1442 3384 quae
1473 3308 1789 3385 conspicua
1819 3312 1881 3366 et
1908 3307 2232 3383 singularia
2259 3307 2449 3367 fuisse

227 3397 343 3457 visa
385 3403 521 3456 sunt
565 3397 738 3456 nobis
785 3398 1065 3456 ecclesiae
1094 3396 1406 3456 Scotorum
1438 3402 1660 3456 statum
1693 3396 2218 3458 considerantibus.
2285 3396 2445 3458 Nam

227 3486 482 3565 primitus
537 3506 730 3561 neque
788 3485 1054 3564 episcopi
1095 3506 1286 3562 neque
1329 3485 1664 3563 presbyteri
1706 3504 1898 3562 neque
1943 3485 2178 3544 diaconi
2220 3485 2283 3541 in
2328 3485 2439 3542 Hi-

227 3575 417 3636 bernia
455 3573 676 3634 diversi
720 3575 902 3634 fuisse
946 3574 1225 3634 videntur
1269 3576 1346 3633 ab
1391 3574 1482 3647 iis,
1531 3573 1634 3648 qui
1676 3573 1740 3631 in
1786 3573 1918 3633 aliis
1964 3572 2221 3632 ecclesiis
2251 3578 2456 3645 erant..

229 3664 322 3723 sed
372 3662 638 3724 omnibus
696 3662 815 3723 illis
874 3682 1194 3739 eorumque
1255 3663 1468 3722 officiis
1508 3662 1639 3722 vita
1695 3662 2036 3720 monachica
2078 3661 2439 3739 peculiarem

232 3753 494 3829 quandam
541 3752 796 3829 speciem
842 3751 1278 3811 conciliaverat.
1355 3750 1515 3825 Quin
1562 3750 1743 3810 etiam
1781 3756 1910 3809 tota
1942 3750 2185 3808 ecelesia
2216 3756 2276 3812 et
2306 3750 2438 3828 ipsa

230 3841 484 3902 laicorum
529 3841 658 3900 vita
703 3841 879 3900 certis
926 3841 1310 3904 monachatus
1356 3839 1541 3915 signis
1588 3844 1799 3897 notata
1845 3845 1991 3899 erat.
2065 3839 2123 3898 N
2125 3859 2218 3897 am
2263 3847 2333 3897 ut
2372 3840 2437 3896 in

231 3930 572 3990 monasteriis
616 3929 890 3988 monachi
936 3928 1132 3987 omnia
1176 3948 1283 4003 sua
1326 3934 1573 4006 peccata
1617 3926 1935 3986 abbatibus
1979 3926 2244 3986 confiteri
2287 3927 2457 3985 sole·-

231 4021 369 4091 bant,
408 4025 476 4077 ut
516 4019 619 4077 ille
664 4017 1067 4096 poenitentiae
1106 4037 1407 4075 mensuras
1438 4015 1731 4087 definiret,
1777 4015 1864 4074 ita
1896 4015 2075 4075 etiam
2104 4014 2242 4074 laici
2272 4034 2442 4072 more

233 4109 296 4168 ad
347 4107 399 4167 id
450 4112 686 4183 tempus
745 4107 809 4164 in
867 4105 1000 4164 aliis
1061 4106 1338 4164 ecclesiae
1398 4104 1670 4183 partibus
1730 4104 2015 4163 inusitato
2075 4103 2272 4161 omnia
2326 4122 2434 4162 sua

233 4202 439 4276 peccata
497 4194 904 4255 sacerdotibus
964 4194 1401 4253 confitebantur
1460 4192 1801 4268 (Adamnan
1817 4236 1832 4267 ,
1887 4194 1993 4253 vit.
2049 4191 2172 4252 Col.
2226 4192 2278 4264 1,
2333 4193 2409 4249 17
2416 4235 2447 4264 ,.

236 4308 283 4364 p.
324 4286 467 4356 2043
521 4286 575 4358 1,
625 4282 727 4356 40,
773 4304 833 4362 p.
882 4283 1043 4354 2123
1093 4284 1152 4356 2,
1202 4284 1302 4355 70,
1348 4305 1405 4359 p.
1455 4282 1627 4357 222).

1972 4381 2003 4434 5
