3025 4909
1190 167 1626 234 ...4522-

382 344 669 416 Constans
710 355 774 416 in
819 355 917 417 dei
958 355 1162 416 timore
1207 363 1259 416 et
1283 354 1416 439 fide
1457 352 1787 427 immobilis,

379 464 556 525 super
599 465 770 526 quem
813 444 1153 529 aedfficatur
1194 453 1258 503 ut
1301 442 1515 505 Petrus
1563 442 1811 517 ecclesia,

379 530 653 615 cujusque
676 531 1069 617 apostolatum
1097 555 1137 592 a
1167 533 1274 594 deo
1305 532 1542 593 sortitus
1572 542 1677 593 est:
1712 535 1817 610 (H.
1841 535 1959 593 and
1983 533 2072 596 St.
2099 534 2184 606 II,
2212 536 2269 607 2,
2295 556 2351 612 p.
2380 535 2533 611 324)

257 623 401 681 illa
447 624 886 701 interpretandi
930 624 1162 682 ratione
1194 624 1280 682 ita
1311 644 1483 701 posse
1514 624 1801 700 intellegi,
1848 629 1917 682 ut
1947 644 1982 681 a
2012 645 2171 701 papa
2201 624 2535 683 Patricium

254 712 534 770 missum
594 734 719 772 esse
781 713 1095 772 videantur
1165 731 1458 771 enarrare.
1576 711 1694 770 Sed
1754 733 1946 789 neque
2006 713 2100 771 his
2161 733 2352 790 neque
2415 713 2534 771 illis

266 801 565 860 versibus
612 802 703 860 uti
748 803 907 875 licet,
954 802 1133 860 immo
1166 801 1561 861 confitendum
1610 807 1717 875 est,
1766 800 2087 861 Secundini
2132 802 2412 878 hymnum
2459 802 2535 860 ad

271 890 761 949 adumbrandam
821 891 1073 949 Patricii
1132 891 1320 949 vitam
1382 891 1602 950 nullius
1660 890 1946 949 momenti
2006 912 2146 952 esse.
2251 891 2424 965 Quod
2485 891 2534 949 si

273 999 490 1039 omnes
538 981 954 1053 concederent,
1016 980 1088 1038 de
1144 986 1413 1057 tempore
1472 979 1683 1037 melius
1722 980 2076 1055 judicarent.
2169 980 2330 1037 Luce
2378 980 2534 1038 enim

278 1068 507 1128 clarius
569 1075 658 1128 est
718 1090 1031 1147 perperam
1094 1069 1348 1129 attribui
1402 1068 1513 1127 hoc
1571 1089 1806 1127 carmen
1853 1068 2212 1142 SecundinO,
2282 1069 2536 1129 Patricii

281 1158 528 1233 aequali
573 1178 759 1236 eoque
805 1159 1057 1217 testibus
1103 1158 1417 1217 annalibus
1463 1158 1569 1234 (H.
1602 1159 1720 1216 and
1752 1156 1840 1216 St.
1873 1157 1958 1231 ΙΙ,
1994 1159 2031 1215 2
2064 1180 2123 1235 p.
2160 1159 2282 1215 327
2318 1163 2440 1216 not.
2473 1160 2533 1234 a)

283 1252 430 1305 ante
462 1247 654 1324 ipsum
683 1247 1016 1306 Patricium
1047 1253 1300 1307 mortuo,
1393 1247 1605 1307 Nonne
1631 1250 1754 1322 jam
1786 1247 1964 1323 primi
1997 1246 2272 1306 carminis
2302 1267 2533 1306 versus:

381 1330 623 1407 Audite,
670 1354 864 1396 omnes
910 1343 1170 1395 amantes
1216 1335 1411 1406 deum,
1459 1344 1661 1394 sancta
1706 1334 1914 1395 merita

379 1422 496 1483 ‘vim'
519 1423 583 1484 in
616 1422 853 1485 Christo
886 1422 1037 1483 beati
1065 1421 1316 1483 Patricia·
1343 1422 1624 1506 episcopi:
1663 1425 1767 1499 (H.
1802 1423 1919 1483 and
1953 1423 2041 1484 St.
2074 1424 2160 1496 ΙΙ,
2196 1425 2250 1497 2,
2284 1446 2341 1502 p.
2377 1425 2532 1501 324)

283 1514 701 1573 demonstrant
746 1520 984 1593 poe‘tam
1029 1514 1216 1573 multo
1261 1518 1398 1591 post
1427 1513 1680 1572 Patricii
1710 1520 1961 1573 mortem
1992 1513 2252 1572 vixisse?
2298 1513 2532 1591 Itaque,

285 1623 410 1678 quo
457 1609 723 1682 tempore
768 1603 1022 1679 hymnus
1069 1602 1428 1680 compositus
1474 1603 1579 1676 sit,
1636 1602 1752 1661 nisi
1799 1624 1870 1662 ex
1916 1602 2062 1680 ipsis
2120 1602 2419 1664 codicibus
2476 1609 2535 1661 et

285 1712 365 1749 ex
419 1699 687 1751 veterum
743 1692 1098 1751 testimoniis
1155 1690 1387 1750 definiri
1442 1712 1562 1750 non
1617 1697 1830 1769 potest.
1923 1691 2145 1751 Exstat
2206 1698 2406 1752 autem
2469 1692 2530 1750 in

287 1779 492 1840 codice
537 1782 676 1840 libri
722 1782 1073 1857 hymnorum
1119 1801 1252 1839 saec
1291 1780 1393 1837 XI
1438 1779 1696 1856 (Stokes,
1744 1779 2051 1839 Goidelica
2082 1780 2222 1840 edit.
2257 1782 2294 1838 2
2328 1802 2385 1858 p.
2422 1783 2531 1857 61)

289 1873 356 1928 et
399 1870 462 1928 in
506 1869 950 1948 Antiphonario
1005 1869 1410 1952 Benchorensi
1465 1875 1604 1927 ante
1662 1890 1881 1928 annum
1939 1871 2092 1942 691,
2162 1876 2231 1929 ut
2283 1875 2533 1946 putatur

289 1960 459 2034 (num
504 1959 706 2018 recte?
754 1960 824 2017 cf.
873 1964 1082 2017 contra
1130 1958 1389 2032 Schoell,
1436 1959 1680 2035 Herzog
1723 1958 1800 2016 R.
1845 1958 1917 2016 E.
1971 1960 2043 2016 11
2097 1980 2154 2036 p.
2204 1960 2331 2016 200
2380 1962 2531 2033 ejus-

291 2048 428 2105 dem
474 2048 611 2107 diss.
659 2070 717 2126 p.
769 2048 896 2124 54),
944 2046 1306 2124 conscripto;
1376 2048 1567 2125 prima
1613 2067 1753 2106 vero
1799 2068 1939 2106 vero
1988 2048 2264 2106 carminis
2308 2048 2531 2106 mentio

289 2137 590 2215 reperitur
634 2138 698 2195 in
739 2137 1160 2196 additamentis
1192 2137 1510 2195 Tirechani
1543 2136 1720 2213 (liber
1749 2133 1961 2195 Ardm.
1993 2136 2248 2195 Betham
2277 2137 2363 2210 II,
2395 2158 2531 2215 app.

289 2246 348 2302 p.
397 2225 733 2304 XXXVI).
823 2225 1041 2303 Itaque
1101 2226 1333 2284 saeculo
1395 2225 1648 2304 septimo
1708 2226 1967 2304 priorem
2028 2245 2151 2284 esse
2213 2225 2533 2284 Secundini

291 2314 576 2391 hymnum
607 2316 982 2392 comprobari
1023 2334 1141 2373 non
1188 2319 1401 2392 potest,
1450 2335 1635 2391 eaque
1682 2314 1813 2393 ipsa
1857 2314 1931 2372 de
1977 2334 2153 2373 causa
2199 2314 2379 2373 etiam
2424 2314 2530 2372 mi-

291 2402 456 2462 noris
501 2405 784 2463 momenti
831 2410 937 2462 est.
2090 2422 2094 2424 ’

399 2497 404 2502 ’
471 2492 637 2565 Quae
693 2493 933 2552 tandem
990 2497 1230 2551 exstant
1284 2492 1503 2551 saeculi
1558 2492 1797 2571 septimi
1850 2493 2040 2551 altera
2101 2498 2275 2570 parte
2333 2493 2534 2570 priora

293 2582 368 2640 de
412 2580 678 2641 Patricio
738 2581 1117 2642 testimonia?
1192 2581 1330 2639 Duo
1393 2587 1554 2655 sunt,
1624 2581 1791 2659 prius
1854 2602 1923 2640 ac
1984 2581 2171 2640 levius
2232 2579 2534 2655 Cumeani,

296 2671 548 2729 alterum
594 2671 1009 2746 gravissimum
1057 2670 1380 2729 Columbae
1425 2670 1837 2730 Luxoviensis.

475 2758 719 2817 Certum
778 2765 867 2818 est
921 2765 1256 2836 utrumque.
1344 2759 1468 2819 Vix
1530 2760 1686 2817 enim
1745 2760 1962 2818 licebat
2022 2757 2313 2817 Schoellio
2375 2759 2538 2835 (diss.

294 2871 351 2927 p.
403 2848 513 2924 73)
559 2847 622 2905 in
668 2847 1102 2906 dubitationem
1148 2868 1386 2921 vocare,
1435 2868 1588 2926 quae
1635 2847 1970 2908 Cumeanus
2016 2847 2088 2906 de
2134 2848 2317 2907 variis
2364 2848 2540 2924 cyclis

294 2935 674 3016 paschalibus
735 2938 918 2996 verba
978 2937 1201 2996 faciens
1263 2936 1548 3014 SegeniO,
1618 2937 1826 2996 abbati
1884 2937 2122 2995 Hiiensi
2191 2957 2347 2995 anno
2411 2938 2539 2995 634

296 3028 393 3101 (cf.
438 3026 621 3102 infra)
683 3025 922 3102 scripsit
982 3024 1280 3104 „primum
1344 3025 1418 3085 de
1479 3021 1637 3107 cyclo
1694 3022 1793 3085 illo
1849 3044 2019 3107 quem
2080 3023 2166 3085 St.
2226 3022 2540 3096 Patricius,

290 3134 461 3196 papa
506 3123 720 3184 noster,
782 3112 909 3173 tulit
954 3122 1005 3173 et
1034 3112 1234 3196 faoit“
1281 3109 1543 3195 (Ueserii
1584 3122 1838 3174 veterum
1884 3113 2260 3193 epistolarum
2305 3110 2537 3193 sylloye.

297 3199 492 3260 Paria
545 3203 710 3260 1665
760 3224 817 3280 p.
862 3204 989 3279 21).
1083 3204 1236 3262 Nam
1284 3205 1508 3279 cyclum
1557 3203 1743 3276 illum,
1788 3202 1890 3274 „in
1934 3221 2047 3283 quo
2090 3200 2233 3262 luna
2277 3222 2317 3260 a
2365 3197 2550 3261 XIV

295 3310 472 3371 usque
516 3289 580 3349 in
628 3287 816 3349 XXI
850 3290 1190 3372 reyulam‘ter
1236 3290 1609 3352 observatuff‘
1654 3292 1847 3368 (ibid.)
1895 3291 2145 3350 eundem
2191 3292 2387 3365 fuisse,
2438 3292 2540 3368 qui

295 3385 504 3458 postea
570 3379 974 3438 Romanorum
1050 3386 1208 3453 erat,
1286 3402 1596 3460 perperam
1675 3379 2001 3440 Schoellius
2078 3381 2358 3459 opinatus
2434 3385 2538 3439 est.

296 3470 513 3541 Imm0,
579 3469 654 3540 si,
717 3468 779 3526 id
826 3470 984 3546 quod
1030 3490 1147 3528 non
1203 3490 1355 3528 unus
1409 3471 1537 3549 ipse
1597 3475 1770 3547 put0,
1842 3472 2024 3530 verba
2078 3470 2181 3529 illa
2247 3470 2336 3528 ita
2401 3476 2541 3528 sunt

297 3559 760 3635 interpretanda,
807 3565 876 3616 ut
920 3560 1095 3617 lunae
1141 3558 1332 3618 XVIa
1379 3560 1930 3637 comprehendatur,
1976 3560 2152 3617 lunae
2195 3558 2394 3616 XXI*
2440 3579 2539 3617 ex·

298 3647 572 3707 cludatur
616 3647 1005 3706 hebdomadis.
1045 3647 1258 3725 spati0,
1305 3649 1406 3706 ille
1453 3668 1578 3707 mos
1609 3647 1861 3706 Patricii
1908 3653 1969 3706 et
2017 3667 2147 3705 cum
2194 3647 2540 3725 posterioris

300 3737 580 3813 temporis
614 3735 808 3794 Scotis
855 3741 917 3795 et
963 3757 1094 3794 cum
1142 3757 1280 3795 suae
1328 3738 1545 3795 aetatis
1574 3737 1861 3795 Romanis
1908 3741 1968 3793 et
1999 3736 2355 3795 Britonibus
2402 3756 2537 3794 con-

300 3825 523 3900 gruisse
570 3824 886 3884 invenitur.
950 3825 1350 3899 Quamobrem
1397 3825 1683 3885 Cumeani
1728 3826 1801 3883 de
1846 3824 2109 3884 Patricio
2141 3828 2324 3885 verba
2370 3826 2540 3884 nobis

299 3914 431 3971 usui
477 3934 601 3973 esse
648 3933 763 3972 non
813 3914 1080 3991 possunt.

476 4001 735 4062 Gravius
782 4010 874 4061 est
920 4002 1244 4062 Columbae
1276 4003 1670 4063 Luxoviensis
1718 4003 2137 4064 testimonium.
2214 4002 2541 4082 Reperitur

301 4090 453 4149 enim
498 4090 747 4150 Patricii
793 4112 1006 4150 nomen
1061 4092 1125 4150 in
1171 4092 1524 4151 Calendario
1572 4094 1827 4170 quodam
1881 4093 2246 4153 Luxoviensi
2300 4093 2364 4151 in
2389 4083 2395 4088 ’
2417 4113 2538 4151 mo-

301 4180 557 4240 nasterio
616 4180 807 4239 medio
869 4182 1100 4239 saeculo
1171 4181 1424 4258 septimo
1495 4183 1830 4259 conscripto
1878 4182 2103 4260 (Piper.
2152 4178 2377 4253 Kark,
2439 4181 2542 4241 des

304 4263 575 4339 Grossem
621 4264 695 4327 K
693 4266 1060 4329 alendan'um
1106 4268 1232 4328 und
1283 4265 1607 4353 Ostenafel.
1659 4271 1827 4329 1858
1875 4293 1933 4349 p.
1969 4272 2096 4348 64).
2187 4272 2361 4330 Unde
2408 4290 2541 4329 cum
