3025 4909
1398 130 1930 199 —12-‘

663 315 879 379 Altera
925 318 1105 379 etiam
1152 318 1246 378 sui
1289 318 1480 398 ipsius
1528 340 1706 379 causa
1752 319 2303 379 commemoratione
2350 319 2533 397 digna
2573 319 2737 379 vide-

484 414 600 468 tur.
693 407 924 485 Cuique
971 409 1154 481 enim,
1202 413 1272 468 ut
1316 409 1543 487 opinor,
1592 406 1806 467 Gildae
1852 409 2037 467 libros
2081 409 2305 486 legenti
2352 410 2739 487 conspicuum

486 496 807 570 videbitur,
858 497 1016 575 quod
1049 496 1260 557 Gildas
1300 500 1417 575 (ep.
1448 499 1483 576 ξ
1519 497 1601 555 74
1634 500 1745 574 sq.)
1791 485 2151 557 mentionem
2194 499 2339 557 fecit
2385 499 2459 557 de
2491 498 2737 576 Ignatio

489 591 550 644 et
593 586 926 664 Polycarpo
983 588 1168 647 verba
1228 588 1537 665 proferens
1598 607 1671 645 ex
1729 586 1904 662 hujus
1965 587 2250 663 martyrio
2313 593 2375 648 et
2432 588 2595 647 illius
2656 587 2739 646 ad

486 674 788 733 Romanos
836 676 1109 754 epistula.
1200 676 1413 738 Nonne
1471 675 1615 735 haec
1673 696 1799 747 res,
1864 675 1977 735 etsi
2037 682 2273 737 constat
2333 697 2407 735 ex
2454 676 2738 753 Gregorii

489 763 850 824 Turonensis
896 765 968 822 de
1014 765 1207 841 gloria
1252 771 1581 840 martyrum
1625 764 1828 823 libello
1875 767 1950 841 (c.
1997 766 2100 823 86.
2145 765 2363 843 Migne,
2409 766 2480 823 P.
2520 766 2596 825 L.
2632 768 2735 839 71,

486 873 542 929 p.
580 853 724 912 782.
773 855 847 915 cf.
881 854 1153 927 warren,
1200 877 1258 933 p.
1306 856 1417 931 99)
1464 853 1814 930 martyrium
1860 853 2178 932 Polycarpi
2223 854 2288 913 in
2333 855 2735 934 compluribus

487 940 724 1000 Galliae
770 942 1028 1002 ecclesiis
1073 944 1391 1003 recitatum
1456 964 1581 1013 esse
1639 943 1703 1001 in
1765 943 2130 1003 celebrandis
2177 943 2565 1004 eucharistiae
2610 965 2734 1021 my-

487 1030 714 1103 steriis,
773 1066 847 1075 —
900 1051 1126 1106 nonne,
1186 1054 1404 1111 quaeso
1422 1076 1436 1105 ,
1496 1033 1642 1091 haec
1688 1053 1783 1091 res
1828 1032 2069 1092 videtur
2111 1032 2375 1092 indicare
2421 1038 2731 1093 consuetu·

488 1118 687 1178 dinem
731 1120 914 1180 fuisse
961 1121 1242 1200 antiquae
1288 1121 1608 1182 Britonum
1654 1121 1932 1181 ecclesiae
1980 1142 2111 1180 cum
2155 1122 2404 1181 urbibus
2433 1121 2732 1199 Lugduno

490 1213 550 1267 et
595 1208 876 1269 Vienna?

666 1298 835 1357 Haec
881 1299 954 1357 de
999 1299 1360 1379 primordiis.
1453 1299 1558 1359 Ad
1603 1302 1851 1360 alteram
1906 1302 2034 1377 jam
2095 1300 2397 1360 veniamus
2458 1299 2733 1361 ecclesiae

487 1385 807 1447 Britonum
852 1393 1110 1448 aetatem

873 1583 1010 1649 inde
1030 1583 1135 1650 ‘ab
1182 1600 1343 1651 anno
1389 1584 1545 1666 450,
1595 1599 1785 1666 usque
1830 1583 1907 1650 ad
1955 1600 2175 1650 annum
2224 1583 2352 1650 597

488 1746 904 1825 pertinentem.
996 1747 1090 1805 De
1122 1767 1239 1823 qua
1270 1747 1619 1824 priusquam
1650 1746 1937 1806 disserere
1981 1746 2351 1825 incipiamus,
2399 1749 2735 1809 meminerit

488 1838 570 1909 is,
619 1836 723 1912 qui
768 1835 914 1895 haec
959 1837 1139 1912 legit,
1199 1856 1266 1894 eo
1313 1836 1443 1914 ipso
1491 1836 1722 1896 saeculo
1741 1881 1755 1910 ,
1804 1857 1839 1898 a
1885 1856 2002 1912 quo
2048 1835 2288 1895 initium
2334 1836 2523 1915 capit,
2589 1837 2735 1897 alibi

490 1924 902 2002 quoque-quin
936 1924 1116 1983 etiam
1145 1924 1210 1982 in
1242 1925 1517 1984 omnibus
1557 1925 1878 1985 occidentis
1919 1925 2097 1984 terris
2138 1925 2518 2003 antiquitatis
2562 1925 2732 1996 insti-

488 2020 622 2073 tuta
655 2013 956 2086 corruisse,
1004 2034 1160 2073 nova
1199 2014 1490 2090 quaedam
1531 2014 1843 2074 exstitisse.
1937 2014 2305 2091 Quocunque
2350 2015 2730 2092 spectaveris,

491 2103 553 2161 in
586 2102 889 2161 doloribus
936 2103 1105 2179 quasi
1149 2122 1482 2181 puerperae
1528 2109 1671 2162 tunc
1716 2103 1896 2163 fuisse
1942 2103 2226 2163 mundum
2271 2103 2553 2163 invenies.
2614 2105 2731 2165 Ne·

422 2191 428 2197 ’
491 2212 604 2268 que
651 2191 827 2250 aliter
871 2192 934 2249 in
979 2192 1314 2251 Britannia.
1406 2192 1680 2251 Eundem
1740 2192 1896 2251 enim
1955 2192 2230 2252 fortunae
2291 2192 2516 2251 exitum
2574 2193 2732 2267 tulit,

493 2301 667 2358 quem
712 2281 935 2341 multae
981 2280 1134 2339 aliae
1177 2280 1416 2357 imperii
1459 2280 1716 2340 Romani
1763 2281 2121 2361 provinciae.
2211 2281 2364 2341 Nam
2410 2281 2568 2341 bona
2614 2282 2733 2355 illa,

491 2390 669 2446 quam
716 2370 995 2429 extremis
1041 2370 1277 2447 imperii
1321 2370 1581 2429 Romani
1626 2371 1872 2430 saeculis
1916 2370 1980 2429 in
2020 2369 2341 2430 Britannia
2384 2369 2735 2444 invenimus,

493 2458 774 2517 ecclesiae
808 2458 1074 2520 condicio
1106 2458 1299 2518 medio
1347 2460 1470 2518 fere
1517 2459 1748 2519 saeculo
1798 2458 2005 2537 quinto
2052 2459 2250 2519 subito
2298 2479 2582 2518 conversa
2631 2466 2735 2531 est,

492 2569 623 2606 cum
669 2545 860 2625 Angli
907 2548 1288 2624 Saxonesque
1334 2548 1555 2625 pagani
1598 2548 1979 2607 Britanniam
2033 2547 2421 2620 invasissent,
2485 2555 2547 2607 et
2600 2548 2737 2608 Bri-

492 2642 662 2697 tones
709 2638 783 2695 ab
830 2636 902 2696 iis
947 2637 1157 2713 rejecti
1201 2637 1424 2715 partim
1471 2637 1866 2697 occidentales
1897 2636 2249 2697 Britanniae
2288 2636 2512 2714 partim
2544 2643 2735 2698 trans-

494 2725 753 2785 marinas
801 2723 1034 2785 Galliae
1095 2725 1368 2803 regiones
1428 2733 1632 2803 petere
1689 2732 2041 2803 cogerentur
2086 2724 2322 2802 (Gildas
2366 2724 2502 2785 hist.
2549 2728 2584 2805 ξ
2634 2725 2736 2799 25,

494 2836 549 2892 p.
587 2815 713 2890 32).
806 2813 988 2872 Anno
1036 2815 1217 2874 etiam
1265 2813 1392 2872 455
1443 2815 1696 2874 testibus
1742 2815 2056 2874 annalibus
2101 2814 2417 2874 Cambriae
2464 2816 2561 2891 (de
2608 2814 2736 2891 qui-

492 2903 604 2961 bus
651 2904 722 2961 cf.
770 2902 1000 2977 Sabell,
1062 2926 1120 2983 p.
1172 2904 1251 2962 37
1301 2906 1418 2981 sq.)
1472 2899 1699 2983 pascha
1759 2911 2175 2966 commutatum
2198 2901 2224 2938 1
2269 2911 2353 2963 est
2398 2924 2531 2963 eum
2566 2923 2738 2985 papa

494 2988 693 3051 Leone
753 2990 1022 3073 episcopo
1083 2989 1315 3053 Romae
1363 2993 1469 3069 (H.
1515 2992 1634 3052 and
1681 2992 1768 3052 St.
1815 2991 1883 3050 II
1902 3036 1916 3065 ,
1984 2994 2011 3049 1
2067 2992 2338 3051 addenda
2383 3013 2442 3069 p.
2488 2992 2735 3069 XXII),

495 3081 597 3139 sed
642 3085 863 3157 postea,
911 3082 1025 3140 etsi
1070 3082 1611 3159 frequentissimum
1658 3081 2068 3141 commercium
2117 3102 2248 3140 cum
2282 3079 2480 3140 Gallia
2525 3082 2736 3141 saltem

495 3190 627 3228 cum
673 3168 988 3229 Armorica
1036 3170 1158 3247 (cui
1203 3171 1378 3229 hodie
1423 3191 1637 3230 nomen
1685 3177 1775 3229 est
1819 3166 2146 3249 Bretayne)
2192 3170 2541 3229 Britonibus
2588 3191 2733 3228 nun·

497 3279 674 3336 quam
737 3279 854 3317 non
900 3260 1017 3319 fuit
1078 3261 1176 3336 (cf.
1222 3260 1380 3319 infra
1435 3266 1496 3319 et
1542 3259 1823 3333 warren,
1883 3281 1942 3338 p.
1992 3259 2074 3316 58
2122 3261 2276 3335 sqq.)
2331 3259 2553 3317 nullam
2599 3258 2734 3317 Bri·

494 3354 663 3407 tones
712 3368 842 3406 cum
904 3350 1115 3408 ceteris
1178 3349 1498 3408 occidentis
1558 3348 1734 3408 terris
1780 3349 2000 3408 nullam
2048 3368 2179 3407 cum
2222 3347 2510 3406 Romanis
2557 3348 2734 3407 socie-

495 3442 679 3496 tatem
727 3436 1002 3498 habuisse
1049 3438 1328 3499 videntur
1374 3439 1561 3497 donec
1607 3457 1761 3497 anno
1795 3437 1919 3496 597
1963 3433 2340 3514 Augustinus
2385 3435 2448 3493 in
2492 3435 2732 3496 Britan·

496 3526 654 3585 niam
698 3526 881 3586 venit.

497 3754 625 3790 cum
682 3736 809 3790 aliis
869 3752 1272 3805 comparemus.
1349 3734 1501 3789 Satis
1558 3734 1632 3787 sit
1687 3750 2175 3816 commemorasse,
2233 3733 2377 3788 illud
2433 3734 2735 3799 „hominem

490 3807 743 3889 [actum“
797 3812 855 3861 et
901 3807 1104 3869 illud,
1111 3824 1166 3871 ,a
1211 3823 1312 3874 quo
1348 3808 1430 3860 est
1475 3822 1628 3859 omne
1674 3804 2055 3873 principium“
2104 3804 2347 3873 denique
2402 3775 2549 3859 iiiud
2603 3821 2736 3873 „per

494 3879 679 3947 ipsum
709 3879 1049 3948 (Christum)
1062 3876 1229 3944 facta
1253 3879 1385 3932 sunt
1418 3874 1653 3931 visibilia
1690 3877 1772 3947 [et
1795 3875 2170 3959 invisibilia]“
2196 3893 2307 3929 non
2332 3875 2441 3929 nisi
2466 3877 2525 3929 in
2552 3876 2734 3929 orien-

495 3950 704 4004 talibus
745 3949 1014 4017 symbolis
1054 3952 1113 4001 et
1149 3948 1301 4015 apud
1336 3948 1524 4016 ipsum
1563 3946 1860 4001 Irenaeum
1897 3947 2156 4001 inveniri.

676 4039 698 4071 ¹
736 4038 870 4092 Vim
921 4054 1076 4090 suam
1131 4035 1342 4103 accipit
1391 4036 1532 4090 haec
1580 4052 1692 4088 vox
1738 4035 2170 4104 haudquaquam
2228 4051 2295 4087 ex
2351 4034 2738 4088 controversia

494 4112 737 4179 quadam
774 4109 846 4162 de
885 4112 1141 4175 tempore
1180 4106 1315 4159 festi
1354 4106 1634 4175 paschalis
1674 4107 1772 4160 sed
1808 4106 1966 4171 inde,
2026 4107 2178 4175 quod
2226 4109 2461 4174 propter
2508 4122 2735 4173 compu-

490 4181 656 4307 1:231OE
644 4178 1079 4305 il{liili'ficultatem
1104 4178 1296 4232 variae
1322 4178 1533 4246 passim
1570 4177 1629 4231 in
1667 4177 1907 4231 ecclesia
1945 4178 2209 4232 universa
2246 4180 2408 4230 erant
2444 4176 2736 4246 opiniones
