3025 4909
1150 175 1578 241 -17...

221 362 426 421 aliam
473 361 652 424 fuisse
699 362 858 440 apud
902 362 1180 422 Britones
1226 365 1404 439 atque
1449 362 1626 435 alibi,
1687 384 1824 423 nam
1880 357 2189 449 „sam-'ficii
2239 357 2487 428 coelestis

223 451 447 512 8θάὣό(
479 452 655 511 etiam
692 450 902 510 Gildas
945 451 1161 510 altaria
1192 451 1474 511 nominat.
1499 451 1526 487 ¹
1586 452 1831 511 Ritibus
1863 461 2058 514 autem
2091 455 2486 532 singularibus

225 548 429 617 atque
475 540 873 619 peculiaribus
903 540 1185 600 Britones
1231 561 1365 600 usos
1413 556 1537 600 esse
1583 542 1645 599 in
1692 543 2048 620 peragendis
2094 545 2483 606 eucharistiae

227 632 608 690 solemnibus
667 636 878 708 putare
938 631 1094 689 licet.
1185 630 1260 688 In
1322 631 1413 689 his
1475 630 1793 689 verisimile
1854 639 1945 692 est
1988 633 2267 694 Britones
2322 636 2485 695 adhi-

227 719 444 779 buisse
489 742 702 799 panem
749 740 867 779 non
914 717 1346 779 fermentatum.
1437 721 1822 798 Dollingerus
1881 722 2119 798 quidem
2182 745 2313 783 cum
2375 725 2485 784 hoc

229 810 508 868 affirmat
521 794 889 885 '(Gecchichte
919 808 1025 868 der
1054 805 1412 868 clm‘stlicloen
1442 805 1681 869 Kirclw.
1742 806 2058 871 Lawdshzoe
2073 815 2239 887 1833,
2259 835 2331 892 p.
2347 817 2484 893 217)

231 899 467 977 spuriis
498 897 711 958 Gildae
743 899 942 958 verbis
983 900 1215 974 nititur,
1265 919 1414 975 quae
1461 920 1615 957 nunc
1663 906 1902 960 exstant
1947 901 2104 979 apud
2135 902 2215 962 H.
2247 904 2365 962 and
2396 903 2484 963 St.

232 988 291 1062 I,
342 1010 402 1066 p.
458 990 577 1046 112
628 1009 714 1065 sq.
761 989 859 1064 (cf.
906 988 986 1047 H.
1033 989 1151 1048 and
1198 988 1285 1048 St.
1331 988 1382 1062 I,
1430 1009 1486 1066 p.
1539 989 1663 1046 108
1711 987 1899 1067 not*),
1963 1011 2071 1049 nec
2129 998 2330 1050 tamen
2390 1014 2485 1052 res

232 1078 378 1155 ipsa
424 1079 628 1155 negari
674 1083 872 1154 potest
919 1079 1016 1153 (cf.
1046 1078 1319 1151 Warren,
1350 1100 1408 1156 p.
1447 1079 1567 1137 131
1607 1081 1780 1154 sqq.).
1873 1077 1992 1138 Sed
2040 1081 2183 1156 quid
2230 1082 2484 1142 mirum?

233 1167 468 1226 Errare
515 1167 927 1243 Dollingerum
973 1169 1082 1227 hoc
1128 1169 1434 1247 proprium
1489 1168 1669 1226 fuisse
1717 1168 2033 1228 Britonum
2090 1170 2484 1232 affirmantem

233 1256 596 1315 Warrenius
628 1258 691 1333 (l.
726 1260 799 1333 c.)
847 1257 1327 1317 luculentissimis
1355 1256 1709 1317 testimoniis
1740 1259 2188 1332 demonstravit,
2237 1262 2485 1320 eundem

236 1366 465 1404 morem
514 1351 575 1404 et
621 1346 765 1404 alibi
813 1354 874 1405 et
905 1347 1063 1425 apud
1095 1345 1328 1425 Anglos
1373 1347 1518 1426 ipsis
1550 1346 1849 1406 Theodori
1870 1348 2307 1428 'archiepiscopi
2339 1352 2482 1427 quin

238 1435 427 1494 etiam
472 1434 719 1494 Alcuini
763 1437 1131 1515 temporibus
1177 1437 1356 1496 fuisse
1403 1437 1633 1496 docens.
2242 1492 2245 1496 ,

425 1524 559 1606 Qua
604 1525 842 1584 tandem
887 1548 952 1585 re
999 1526 1395 1587 dissentiebat·
1432 1526 1677 1585 ecclesia
1722 1526 2037 1586 Britonum
2083 1528 2159 1586 ab
2206 1529 2483 1589 universa

240 1614 493 1673 ecclesia
553 1615 841 1678 catholica
858 1616 886 1674 P
965 1614 1176 1676 Gildas
1237 1616 1309 1676 de
1371 1616 1759 1675 ordinationis
1818 1616 2036 1676 ritibus
2098 1618 2278 1676 talem
2338 1619 2481 1678 facit

240 1702 604 1763 mentionem
651 1707 765 1783 (ep.
816 1706 851 1782 ἓ
906 1707 1027 1763 107
1078 1726 1162 1782 sq.
1210 1706 1281 1764 cf.
1326 1706 1599 1779 Warren,
1646 1727 1703 1784 p.
1756 1708 1835 1764 69
1884 1708 2013 1783 sq.)‚
2060 1714 2130 1765 ut
2172 1707 2350 1766 liceat
2396 1708 2481 1767 vi-

242 1793 386 1850 dere
434 1813 532 1851 eos
581 1814 711 1851 cum
754 1794 1042 1853 Romanis
1096 1815 1216 1853 non
1271 1795 1624 1871 congruisse.
1717 1793 1837 1852 Sed
1896 1796 2006 1854 hoc
2058 1796 2298 1855 levioris
2359 1818 2479 1855 mo·

241 1882 426 1940 menti
490 1889 580 1941 est
639 1890 701 1942 et
761 1884 920 1942 infra
986 1884 1487 1961 pertractandum.
1602 1884 1770 1942 Idem
1832 1882 2043 1944 Gildas
2108 1921 2182 1929 --
2252 1892 2313 1945 et
2371 1888 2482 1945 hoc

244 1973 565 2030 maximum
613 1979 704 2032 est
755 2007 831 2018 —
883 1974 1056 2033 testis
1103 1981 1192 2033 est
1237 1974 1459 2033 nullam
1514 1979 1656 2032 tunc
1714 1973 2056 2032 societatem
2111 1975 2292 2033 fuisse
2349 1996 2478 2034 cum

245 2061 536 2138 episcopis
596 2062 899 2121 Romanis.
1002 2061 1263 2122 Tantum
1325 2065 1479 2121 enim
1542 2065 1739 2138 abest,
1783 2069 1873 2121 ·ut
1936 2063 2145 2123 Gildas
2207 2065 2481 2143 episcopo

242 2149 514 2209 Romano
575 2152 908 2212 universam
972 2154 1273 2212 ecclesiam
1335 2152 1652 2229 regendam
1726 2172 1852 2211 esse
1920 2159 2124 2230 putet,
2193 2160 2262 2212 ut
2322 2154 2482 2213 dicat
2596 2166 2602 2173 '

243 2240 456 2316 cuique
500 2261 640 2300 vero
686 2242 978 2301 sacerdoti
1025 2243 1249 2302 dictum
1295 2262 1450 2300 esse:
1520 2250 1583 2301 tu
1627 2260 1685 2301 es
1730 2239 1943 2300 Petrus
1991 2249 2117 2315 etc„
2163 2250 2233 2301 ut
2279 2264 2480 2302 omnes

245 2329 553 2408 episcopos
597 2330 768 2390 Petri
823 2352 1183 2391 successores
1244 2352 1368 2390 esse
1425 2331 1655 2408 judicet
1715 2333 1832 2410 (ep.
1880 2332 1915 2408 ξ
1965 2334 2065 2390 67.
2111 2353 2169 2410 p.
2218 2331 2302 2390 74
2349 2336 2479 2410 sq.).

244 2417 430 2493 Cujus
476 2418 561 2476 rei
609 2441 758 2496 quae
806 2426 935 2480 erat
980 2421 1201 2480 causa?
1249 2420 1525 2480 Profecto
1574 2441 1691 2480 non
1739 2422 2139 2480 controversia
2189 2422 2477 2499 quaedam

245 2526 375 2564 cum
423 2508 715 2586 episcopis
758 2510 1062 2584 Romanis,
1109 2530 1229 2568 non
1277 2510 1474 2568 odium
1521 2510 1584 2569 in
1631 2510 1957 2583 Romanos,
1979 2567 1984 2576 ,
2005 2511 2108 2569 sed
2153 2512 2316 2569 nulla
2362 2511 2480 2570 alia

242 2616 338 2655 res
405 2597 520 2656 nisi
587 2598 923 2659 intermissa
994 2600 1293 2660 Saxonum
1361 2604 1498 2678 post
1566 2599 1928 2659 invasionem
2002 2620 2133 2658 cum
2193 2600 2480 2660 Romanis

244 2685 620 2744 consuetude.
1136 2743 1141 2746 ,

419 2774 673 2834 Praeter
715 2776 890 2836 hasce
935 2777 1081 2837 duas
1125 2799 1236 2852 res,
1284 2779 1436 2839 ritus
1483 2784 1545 2837 et
1590 2777 1989 2838 intermissam
2036 2799 2167 2837 cum
2190 2779 2477 2838 Romanis

246 2865 742 2941 consuetudinem,
790 2867 950 2945 apud
983 2866 1225 2926 Gildam
1272 2868 1358 2926 nil
1403 2867 1752 2940 invenimus,
1801 2867 1960 2943 quod
1990 2867 2309 2927 Britonum
2340 2889 2475 2947 pro-

246 2954 435 3032 prium
485 2954 600 3013 dici
645 2956 862 3033 possit,
912 2977 1075 3031 nam,
1123 2977 1273 3033 quae
1321 2958 1624 3028 feruntur,
1672 2955 1887 3016 Gildae
1932 2958 2115 3016 verba
2160 2958 2233 3016 de
2280 2958 2477 3017 Brito·

245 3062 378 3100 num
427 3051 671 3104 tonsura
719 3052 778 3104 et
824 3046 1209 3105 celebrandae
1242 3045 1631 3105 eucharistiae
1676 3065 1834 3104 more
1882 3045 2084 3124 spuria
2104 3067 2254 3107 ·esse
2301 3068 2479 3126 supra

247 3132 410 3209 quasi
455 3134 819 3209 praeteriens
859 3138 982 3212 jam
1030 3134 1482 3195 commemoravi
1529 3137 1625 3212 (cf.
1672 3135 1753 3193 H.
1786 3134 1903 3193 and
1935 3134 2021 3194 St.
2062 3135 2115 3209 Ι,
2162 3158 2220 3214 p.
2260 3135 2381 3193 112
2418 3141 2479 3194 et

242 3242 300 3299 p.
351 3222 471 3278 108
517 3220 698 3299 not*).

417 3310 810 3372 Nihilominus
862 3317 988 3390 jam
1047 3319 1190 3374 tunc
1251 3312 1535 3392 temporis
1591 3313 1874 3372 nonnulla
1929 3313 2194 3385 fuerunt,
2262 3314 2476 3391 quibus

245 3398 517 3459 Britones
563 3402 638 3459 ab
684 3402 818 3461 aliis
864 3404 1123 3463 ecclesiis
1170 3403 1565 3462 dissentirent.
1657 3404 1751 3462 De
1809 3402 2024 3479 quibus
2080 3401 2289 3462 Gildas
2344 3424 2476 3462 cum

247 3490 597 3547 mentionem
656 3512 774 3550 non
833 3493 1044 3566 faciet,
1124 3492 1541 3571 suspicandum
1603 3499 1692 3552 est
1754 3512 1888 3550 eum
1949 3492 2283 3552 intermissa
2345 3513 2473 3551 cum

249 3577 375 3636 aliis
420 3580 842 3640 consuetudine
887 3582 1082 3660 ipsum
1128 3582 1471 3653 nescivisse,
1535 3601 1685 3657 quae
1734 3587 1932 3640 essent
1979 3580 2295 3640 Britonum
2340 3602 2476 3659 pro·
2587 3643 2593 3648 ,

248 3667 401 3746 pria,
464 3668 674 3727 saltem
730 3689 849 3729 non
900 3671 1202 3744 habuisse,
1267 3670 1424 3747 quod
1481 3672 1666 3729 verba
1722 3670 1795 3729 de
1848 3670 1939 3729 his
1994 3670 2233 3730 faceret.
2323 3671 2476 3730 Nam

251 3756 400 3829 alibi,
445 3758 783 3836 ubicunque
815 3759 1091 3820 Britones
1122 3761 1280 3819 inter
1312 3760 1457 3819 alias
1497 3760 1769 3819 nationes
1815 3759 2085 3819 viventes
2132 3760 2476 3820 societatem

252 3865 374 3903 cum
417 3846 551 3905 aliis
593 3868 713 3906 non
759 3849 974 3908 habere
1022 3837 1141 3908 non
1185 3854 1489 3927 poterant,
1560 3849 1632 3907 de
1688 3848 1944 3928 propriis
1990 3848 2306 3909 Britonum
2354 3869 2474 3908 mo-

251 3934 406 3994 ribus
451 3942 593 3995 tunc
631 3939 756 4014 jam
802 3940 1109 4016 agebatur.
1202 3940 1334 4013 Qua
1380 3940 1452 3997 de
1498 3957 1673 3997 causa
1719 3959 1910 4019 pauca

422 4147 439 4178 ¹
480 4146 535 4199 A
562 4163 696 4200 vera
720 4148 994 4214 temporis
1020 4147 1241 4202 ratione
1267 4148 1603 4213 aberrarem,
1646 4148 1692 4200 si
1719 4148 1894 4201 verba
1932 4148 2177 4202 facerem
2215 4149 2287 4202 de
2325 4166 2472 4202 com·

254 4217 502 4271 munione
528 4219 629 4271 sub
658 4222 894 4288 utraque
921 4220 1134 4286 specie3
1176 4223 1397 4273 constat
1433 4219 1583 4272 enim
1621 4236 1744 4273 eam
1782 4224 1917 4272 tunc
1956 4220 2227 4287 temporis
2265 4221 2473 4290 ubique

255 4288 308 4340 in
341 4289 573 4352 ecclesia
608 4289 666 4344 in
707 4308 807 4344 usu
845 4290 1031 4344 fuisse.

2121 4381 2154 4434 2
