3025 4909
1419 210 1854 279 ..-30...

522 396 925 460 controversia
986 398 1306 477 composita
1364 405 1469 459 est.
1562 400 1725 477 Ergo
1771 399 1931 459 ultra
1976 397 2272 458 saeculum
2320 403 2600 459 octavum
2656 417 2777 457 non

520 489 987 567 progrediemur.

699 579 866 637 Haec
926 577 1128 656 priora
1186 577 1464 637 ecclesiae
1511 577 1823 637 Scotorum
1885 578 2118 637 saecula
2178 577 2406 637 duabus
2463 578 2778 637 aetatibus

522 667 1114 745 comprehenduntur,
1162 687 1280 725 una
1320 667 1777 745 primordiorum
1809 687 1996 744 usque
2026 667 2103 725 ad
2135 666 2472 739 Columbae,
2521 666 2778 725 abbatis

520 757 805 830 Hiiensis,
850 762 1117 834 tempora
1164 757 1270 831 (ca.
1310 756 1481 834 565),
1530 757 1720 815 altera
1765 757 1900 815 inde
1948 756 2023 814 ab
2071 775 2227 814 anno
2276 756 2401 813 565
2453 775 2644 832 usque
2698 757 2779 813 ad

523 847 818 918 saeculum
865 866 1101 904 nonum.
1177 845 1506 922 Utriusque
1555 847 1729 921 hujus
1776 846 1990 905 aetatis
2036 845 2284 904 historia
2315 844 2493 903 scribi
2534 846 2776 922 nequit,

522 956 658 994 nam
706 935 820 994 nisi
866 935 939 993 de
985 935 1191 1014 paucis
1238 937 1457 995 sanctis
1503 942 1567 996 et
1612 936 1685 994 de
1732 935 1935 1014 paucis
1983 935 2261 994 ecclesiae
2307 935 2584 1012 partibus
2617 938 2773 992 certi

523 1026 749 1102 aliquid
808 1045 926 1082 non
990 1029 1238 1084 constat.
1331 1025 1504 1099 Quod
1565 1025 1737 1083 nobis
1798 1025 1991 1082 minus
2053 1024 2369 1083 dolendum
2432 1030 2524 1083 est
2584 1044 2778 1099 quam

521 1135 715 1172 rerum
762 1113 1173 1191 scriptoribus,
1237 1135 1367 1173 cum
1409 1118 1534 1190 jam
1581 1135 1653 1174 ex
1698 1114 1796 1187 iis,
1862 1135 2013 1190 quae
2061 1114 2133 1172 de
2180 1114 2428 1190 singulis
2474 1114 2623 1172 viris
2671 1115 2780 1172 vel

522 1205 594 1261 de
642 1203 892 1281 singulis
941 1204 1219 1263 ecclesiae
1266 1205 1542 1281 partibus
1589 1203 1814 1263 tradita
1854 1210 2009 1275 sunt,
2055 1223 2206 1279 quae
2238 1203 2420 1262 fuerit
2450 1202 2782 1262 universae

522 1293 801 1352 ecclesiae
849 1298 1080 1366 natura,
1128 1293 1402 1370 cognosci
1448 1294 1642 1353 liceat.
1719 1293 1935 1370 Itaque
1982 1312 2113 1350 cum
2159 1293 2221 1351 in
2262 1292 2508 1351 alterius
2539 1292 2615 1350 de
2648 1313 2786 1368 qua.

522 1381 806 1456 diximus,
876 1383 1091 1441 aetatis
1150 1383 1349 1461 priore
1409 1390 1583 1461 parte
1646 1382 1762 1441 duo
1821 1382 2195 1461 potissimum
2257 1381 2402 1455 viri,
2472 1380 2785 1440 Columba.

523 1472 790 1531 Hiiensis
836 1477 898 1530 et
952 1471 1242 1530 Columba
1287 1471 1683 1532 Luxoviensis
1739 1492 1810 1530 ex
1870 1470 2231 1531 umbraculis
2283 1470 2640 1549 procedant,
2702 1472 2782 1529 in

519 1561 705 1619 altera
767 1566 963 1619 autem
1024 1567 1194 1638 parte
1257 1561 1330 1619 de
1388 1583 1506 1620 una
1554 1561 1831 1621 ecclesiae
1876 1567 2072 1639 parte,
2133 1560 2777 1636 Nordanhymbrorum

519 1651 780 1724 ecclesia,
812 1650 985 1728 plura
1018 1656 1307 1724 constent,
1338 1651 1593 1729 primum
1625 1649 1698 1709 de
1730 1650 2087 1728 primordiis,
2120 1650 2332 1708 deinde
2364 1651 2438 1708 de
2471 1649 2779 1708 Columba.

517 1739 779 1813 Hiiensi,
840 1744 968 1798 tum
1025 1740 1283 1819 seposito
1340 1740 1416 1798 ad
1473 1747 1707 1819 tempus
1755 1739 2044 1799 Columba
2090 1738 2477 1813 Luxoviensi,
2540 1738 2776 1817 quippe

518 1828 623 1904 qui
655 1849 728 1886 ex
758 1828 957 1907 patria
988 1828 1382 1906 emigraverit,
1414 1830 1488 1888 de
1511 1829 2140 1905 Nordanhymbrorum
2166 1829 2426 1902 ecclesia,
2460 1835 2773 1905 postremo

516 1918 590 1975 de
638 1917 927 1977 Columba
969 1917 1336 1978 Luxoviensi
1383 1925 1443 1977 et
1489 1918 1562 1977 de
1609 1919 1699 1992 iis,
1750 1919 1849 1996 qui
1899 1939 2028 1977 cum
2078 1938 2147 1976 eo
2195 1918 2288 1978 vel
2336 1925 2473 1995 post
2520 1938 2651 1975 cum
2703 1919 2770 1975 in

519 2005 717 2066 Gallia
766 2016 826 2066 et
874 2006 1196 2067 Germania
1240 2008 1796 2086 peregrinabantur,
1845 2007 2247 2068 disserendum
2295 2008 2466 2066 nobis
2515 2007 2649 2066 erit.

1469 2149 1806 2216 Primordiis

515 2276 726 2354 igitur,
787 2276 860 2335 de
921 2277 1137 2352 quibus
1197 2275 1454 2354 primum
1508 2276 1822 2334 dicendum
1871 2281 1985 2349 est,
2047 2282 2171 2335 tam
2216 2275 2432 2334 densae
2478 2277 2769 2335 tenebrae

516 2366 734 2424 offusae
796 2371 960 2439 sunt,
1026 2372 1095 2424 ut
1147 2365 1500 2444 perdifficile
1557 2365 1635 2424 sit
1690 2366 1762 2424 de
1808 2366 1917 2425 hac
1962 2365 2160 2445 priore
2209 2372 2403 2424 aetate
2452 2364 2767 2425 disserere.

514 2455 715 2515 Facile
773 2460 951 2528 esset,
1014 2455 1065 2512 si
1119 2455 1619 2531 acquiesceremus
1676 2456 1993 2515 refutanda
2039 2475 2240 2514 eorum
2287 2455 2590 2532 opinione,
2655 2456 2766 2532 qui

515 2544 880 2604 contendunt
927 2543 1398 2620 antiquissimam
1438 2547 1565 2620 jam
1597 2541 1911 2603 Scotorum
1953 2545 2257 2603 ecclesiam
2290 2564 2422 2602 cum
2465 2543 2766 2604 catholica

514 2655 630 2693 non
691 2634 754 2692 in
810 2633 1081 2692 omnibus
1129 2633 1504 2693 consensisse.
1595 2633 1750 2693 Nam
1797 2634 2024 2692 nullum
2068 2639 2262 2692 exstat
2306 2633 2487 2693 ullius
2533 2633 2764 2693 dissen-

513 2723 694 2781 sionis
748 2722 1152 2783 testimonium
1207 2743 1397 2799 neque
1451 2722 1568 2800 ipsi
1613 2722 1746 2781 aliis
1793 2723 2155 2799 argumentis
2200 2728 2453 2783 utuntur
2498 2724 2612 2783 nisi
2657 2722 2760 2781 de·

519 2813 771 2890 sumptis
827 2833 898 2870 ex
943 2811 1338 2891 posteriorum
1386 2819 1719 2889 temporum
1765 2812 1959 2870 rebus.
2034 2812 2210 2871 Hanc
2256 2818 2454 2871 autem
2485 2831 2756 2889 perscru-

514 2902 730 2960 tandae
777 2900 1153 2977 antiquitatis
1198 2901 1487 2961 rationem
1537 2900 1973 2960 fallacissimam
2021 2922 2145 2961 esse
2191 2902 2301 2959 hoc
2348 2921 2583 2977 quoque
2624 2901 2756 2959 loco

512 3011 585 3049 ex
630 2990 703 3049 iis
749 2996 1014 3069 apparet,
1065 3011 1213 3068 quae
1261 2996 1421 3050 certo
1464 2990 1678 3049 scimus
1725 2989 1798 3049 de
1844 2991 2122 3050 ecclesiae
2155 2989 2468 3049 Scotorum
2500 2990 2753 3068 primor-

512 3080 640 3140 diis.
734 3078 986 3139 Constat
1048 3080 1204 3138 enim
1257 3080 1418 3139 inter
1473 3099 1672 3137 omnes
1720 3079 2075 3153 Patricium,
2137 3079 2377 3138 natione
2424 3079 2749 3152 Britonem,

513 3167 823 3228 Scotorum
867 3168 1075 3228 haberi
1123 3170 1474 3247 apostolum,
1524 3188 1731 3245 neque,
1778 3176 1847 3228 ut
1893 3175 2102 3247 postea
2147 3168 2497 3242 videbimus,
2546 3169 2748 3228 fictum

512 3265 602 3317 est
649 3279 781 3316 eum
827 3259 1024 3336 priore
1071 3260 1289 3318 saeculi
1336 3258 1532 3334 quinti
1578 3264 1749 3336 parte
1795 3258 1971 3316 fidem
2014 3258 2395 3317 christianam
2437 3259 2498 3316 in
2531 3259 2747 3317 Hiber-

511 3348 670 3406 niam
717 3348 1002 3407 attulisse.
1080 3348 1245 3426 Ergo
1295 3368 1426 3406 cum
1472 3347 1789 3406 Britonum
1836 3346 2081 3406 ecclesia
2129 3368 2197 3406 ea
2228 3347 2357 3424 ipsa
2388 3353 2585 3407 aetate
2619 3368 2751 3405 cum

510 3437 781 3496 Romana
807 3438 1050 3496 ecclesia
1075 3438 1310 3496 omnino
1337 3437 1713 3508 consentiret,
1741 3435 2051 3495 Scotorum
2078 3456 2311 3513 quoque
2336 3436 2751 3513 antiquissima

511 3527 755 3586 ecclesia
802 3549 837 3585 a
882 3527 1169 3587 Romanis
1215 3526 1529 3586 dissentire
1576 3545 1691 3583 non
1738 3525 1952 3604 potuit.
2043 3524 2234 3583 Immo
2283 3531 2516 3585 tantum
2563 3527 2749 3599 abest,

510 3622 578 3674 ut
624 3615 1033 3693 antiquissima
1066 3615 1378 3675 Scotorum
1425 3614 1671 3673 ecclesia
1719 3636 1849 3673 cum
1881 3614 2166 3672 Romanis
2213 3635 2327 3673 non
2373 3614 2748 3687 consenserit,

511 3711 577 3764 ut
633 3706 949 3765 verisimile
1007 3705 1112 3777 sit,
1174 3704 1351 3763 fidem
1410 3703 1792 3762 christianam
1839 3723 1954 3761 non
2004 3703 2129 3762 sine
2176 3725 2358 3782 opera
2403 3704 2749 3781 pontificum

511 3795 915 3854 Romanorum
971 3794 1033 3852 in
1080 3794 1435 3852 Hiberniam
1492 3794 1734 3851 allatam
1783 3813 1925 3852 esse.
2019 3793 2193 3866 Quod
2240 3799 2308 3851 ut
2355 3795 2747 3871 comprobem,

511 3885 903 3945 necessarium
960 3883 1169 3961 putavi
1224 3883 1424 3960 paullo
1471 3882 1776 3942 verbosius
1822 3882 1895 3941 de
1942 3883 2219 3942 ecclesiae
2267 3881 2580 3941 Scotorum
2626 3883 2745 3961 pri·

510 3975 750 4034 mordiis
797 3973 1104 4030 disserere.

687 4063 957 4121 Fuerunt
987 4080 1127 4119 vero
1159 4059 1221 4118 in
1249 4059 1543 4119 Hibernia
1574 4080 1728 4120 anno
1764 4045 1998 4120 circiter
2024 4061 2146 4119 431
2176 4060 2462 4135 nonnulli,
2496 4060 2597 4137 qui
2622 4060 2745 4120 sine

511 4173 688 4231 opera
719 4150 1139 4222 Romanorum,
1188 4157 1255 4207 ut
1303 4149 1552 4223 videtur,
1602 4150 1676 4208 ad
1724 4150 2105 4209 christianam
2146 4149 2320 4208 fidem
2353 4151 2743 4222 transiissent,

510 4241 612 4302 sed
656 4238 938 4318 perpauci
986 4244 1173 4313 erant,
1220 4260 1357 4298 nam
1403 4239 1608 4297 eodem
1638 4239 1767 4316 ipso
1800 4260 1954 4299 anno
1987 4246 2141 4298 teste
2171 4239 2468 4316 Prospero
2502 4239 2744 4316 (Chron.

509 4353 602 4409 op.
650 4329 830 4388 editio
878 4327 1129 4387 Bassani
1184 4324 1349 4390 1782
1405 4326 1456 4402 I,
1503 4349 1563 4406 p.
1612 4327 1767 4400 401;
1829 4328 1911 4387 H.
1958 4329 2075 4386 and
2123 4327 2214 4388 St.
2259 4326 2346 4400 II,
2397 4329 2433 4384 2
2482 4351 2539 4406 p.
2590 4329 2744 4405 290)
