3025 4909
1450 195 1880 254 ...34-

722 374 890 448 Quae
938 393 1070 435 cum
1115 373 1202 431 ita
1248 378 1470 443 essent,
1530 371 1660 431 fieri
1704 393 1824 432 non
1877 372 2098 452 potuit,
2160 371 2305 449 quin
2365 371 2615 449 saepius
2684 387 2857 427 una

542 462 787 523 ecclesia
854 460 1286 522 necessitudine
1353 461 1683 539 attingeret
1749 463 2018 522 alteram.
2124 460 2298 534 Quod
2368 458 2857 520 commercium

545 552 719 629 quale
761 550 961 623 fuerit,
1008 569 1360 627 cognoscere
1403 550 1648 609 maximi
1692 552 1974 610 momenti
2019 557 2111 611 est
2162 550 2240 610 ad
2277 548 2683 625 judicandum
2754 547 2859 605 de

544 639 821 699 ecclesiae
867 638 1180 699 Scotorum
1224 646 1461 699 natura.
1521 637 1678 700 Nam
1722 660 1857 699 cum
1886 640 2184 713 Britones,
2226 646 2298 699 ut
2341 658 2528 717 supra
2562 638 2655 715 (p.
2689 637 2851 708 2⁶7)

544 728 816 801 vidimus,
861 725 1198 810 relnqionem
1227 724 1565 810 Anylorum
1586 748 1706 808 pro
1735 725 1914 789 nimo
1943 685 2213 790 haber-erit
2255 746 2434 809 neque
2479 725 2546 786 in
2597 722 2850 806 aliquo

544 815 616 877 iis
660 816 849 899 ‘anis
896 815 1595 898 communicarentquam
1629 816 2194 898 paqanisffledah
2227 839 2276 877 e.
2311 818 2369 891 2,
2403 817 2508 889 20,
2544 817 2586 893 ξ
2631 816 2852 890 147),

546 905 712 966 Scoti
751 926 885 965 cum
915 905 1218 979 Romanis,
1264 906 1525 965 Romani
1570 926 1703 965 cum
1734 905 1928 967 Scotis
1973 908 2299 967 utebantur
2342 904 2850 974 consuetudine,

547 1015 666 1055 non
712 1001 879 1055 arcta
924 993 1162 1072 quidem
1207 995 1333 1068 illa,
1383 995 1488 1054 sed
1532 995 1671 1069 tali,
1719 1015 1871 1073 quae
1916 996 2380 1055 luculentissime
2425 994 2848 1071 comprobet,

546 1076 741 1143 nullas
799 1082 1142 1143 inimicitias
1199 1084 1373 1146 initio
1433 1083 1616 1145 fuisse
1672 1084 1830 1143 inter
1885 1083 2200 1144 Scotorum
2263 1090 2325 1143 et
2382 1083 2849 1143 Romanorum

547 1172 839 1233 ecclesias.
929 1173 1108 1246 Nam,
1155 1179 1225 1233 ut
1269 1173 1388 1231 alia
1433 1172 1729 1246 omittam,
1774 1172 2020 1234 Birinus
2063 1174 2191 1246 ille,
2236 1193 2337 1255 qm
2379 1193 2518 1232 eum
2559 1167 2845 1231 consilio

548 1256 810 1321 Honorii
840 1280 1045 1340 papae
1086 1259 1150 1320 in
1180 1257 1570 1321 Britanniam
1612 1270 1860 1334 venerat,
1905 1263 1969 1322 in
2012 1263 2408 1342 pmdicando
2456 1262 2657 1320 verbo
2688 1258 2844 1319 Dei

549 1350 923 1427 adjutoribus
983 1369 1126 1410 usus
1184 1357 1275 1411 est
1335 1349 1641 1428 cynigilso
1657 1395 1671 1423 ‚
1739 1371 1880 1428 rege
1942 1351 2409 1412 Occidentalium
2471 1350 2839 1420 Saxonum,

551 1460 726 1517 quem
771 1440 901 1517 ipse
948 1439 1377 1516 baptizaverat,
1423 1445 1486 1498 et
1522 1475 1597 1484 —-
1635 1437 1928 1514 Oswaldo,
1974 1441 2610 1516 nordanhymbrorum
2664 1458 2841 1515 rege

550 1535 613 1588 et
680 1547 907 1587 summo
976 1529 1097 1587 suis
1165 1529 1535 1607 temporibus
1600 1529 1861 1587 omnium
1930 1528 2465 1608 Anglo·Saxonum
2535 1527 2836 1598 dominc,

549 1615 791 1676 Aedani
835 1615 1048 1689 amico,
1094 1637 1129 1675 a
1177 1616 1372 1676 Scotis
1416 1618 1723 1695 baptizato
1770 1618 1965 1694 (Beda
2007 1619 2064 1677 h.
2113 1639 2161 1677 e.
2213 1620 2269 1691 3,
2306 1620 2361 1691 7,
2408 1620 2444 1696 ξ
2495 1618 2622 1675 167
2672 1619 2835 1692 sq.)

553 1705 826 1765 Secunda
872 1706 1042 1765 testis
1088 1706 1257 1765 adest
1300 1705 1684 1783 Aediltryda,
1730 1708 1855 1767 filia
1898 1707 2147 1781 Annae,
2194 1707 2353 1783 regis
2399 1705 2830 1765 Orientalium

553 1793 905 1871 Anglorum,
954 1793 1059 1871 qui
1090 1815 1127 1854 a
1158 1794 1503 1855 Cantuariis
1546 1794 1724 1854 fidem
1770 1802 2154 1875 susceperant
2197 1795 2392 1873 (Beda
2423 1795 2481 1853 h.
2513 1814 2565 1851 e.
2602 1794 2662 1866 3,
2708 1794 2825 1864 18,

554 1885 591 1961 ἓ
630 1884 802 1959 199).
896 1884 1120 1962 Nupsit
1180 1883 1336 1942 enim
1396 1904 1552 1943 anno
1600 1885 1726 1942 660
1774 1885 2050 1962 ngrido,
2113 1884 2339 1945 Oswini
2383 1882 2824 1958 Nordanhym·

552 1974 796 2031 brorum
842 1972 1001 2047 regis
1043 1971 1185 2045 filio,
1233 1978 1294 2032 et
1339 1972 1648 2032 duodecim
1695 1974 1867 2032 annis
1911 1981 2048 2052 post
2077 2009 2165 2019 ——
2194 1974 2344 2032 illud
2374 1971 2616 2049 quidem
2660 1976 2823 2049 post

554 2060 843 2136 synodum
890 2058 1545 2120 Strenaeshalchensem
1593 2095 1666 2105 —-
1713 2061 1899 2121 vitam
1942 2062 2346 2122 monachicam
2391 2066 2482 2122 est
2526 2061 2821 2138 amplexa

555 2148 619 2206 in
667 2154 867 2207 vetere
912 2147 1227 2207 Scotorum
1271 2150 1656 2222 monasterie,
1719 2150 1934 2209 coludi
1974 2153 2124 2211 urbe
2171 2151 2365 2228 (Beda
2409 2151 2466 2209 h.
2509 2169 2557 2207 e.
2604 2150 2665 2219 4,
2707 2149 2814 2220 19,

555 2238 593 2316 ἓ
628 2238 752 2295 309
788 2239 919 2314 sq.),
980 2237 1235 2314 denique
1289 2258 1406 2296 uno
1465 2243 1769 2298 transacto
1824 2260 1979 2298 anno
2024 2239 2158 2317 ipsa
2201 2259 2421 2299 novum
2467 2237 2817 2298 construxit

556 2326 1007 2399 monasterium,
1067 2325 1246 2404 Elge,
1306 2326 1369 2384 in
1414 2327 1727 2405 provincia
1772 2326 2167 2388 Orientalium
2211 2328 2578 2405 Anglorum,
2643 2326 2819 2401 quod

558 2413 870 2478 Scotorum
932 2415 1306 2474 monasteriis
1362 2417 1509 2475 adeo
1572 2416 1762 2476 simile
1819 2418 2001 2476 fuisse
2044 2418 2308 2491 videtur,
2377 2423 2448 2476 ut
2493 2414 2819 2475 Ebrardus

559 2507 642 2580 (p.
675 2503 831 2579 204)
878 2504 1163 2581 temporis
1209 2504 1462 2563 calculos
1523 2505 1850 2565 subducere
1897 2506 2179 2567 omittens
2238 2506 2398 2565 inter
2442 2504 2820 2564 monasteria

559 2591 991 2665 „Ouldeorum“
1036 2591 1311 2651 videatur
1355 2613 1695 2653 numerasse
1739 2594 1890 2652 illud
1935 2596 2373 2656 monasterium.
2409 2630 2489 2639 —
2537 2592 2819 2653 Tertiam

560 2687 773 2740 testem
819 2681 1141 2758 producam
1186 2681 1434 2739 Hildam
1480 2682 1841 2742 abbatissam
1889 2681 2559 2744 Strenaeshalchensem.
2636 2681 2820 2740 Haec

561 2769 715 2827 enim
762 2768 845 2828 ad
876 2767 1379 2849 praedicationem
1422 2766 1685 2846 Paulini,
1722 2769 1920 2849 pum·
1961 2766 2046 2831 N
2036 2770 2614 2851 ordanhymbrorum
2657 2767 2816 2850 epis·

560 2856 708 2935 copi,
733 2856 927 2939 fidem
971 2865 1023 2916 et
1066 2866 1431 2918 sacrawaemta
1480 2853 1702 2917 Ovum-sti
1742 2869 2071 2939 susceperat
2130 2868 2191 2921 et
2251 2867 2461 2940 postea
2501 2860 2819 2937 integrum

562 2965 781 3003 annum
827 2945 1069 3005 vivebat
1113 2946 1175 3005 in
1220 2947 1579 3007 monasterio
1626 2948 1688 3006 in
1729 2947 2135 3009 Orientalibus
2179 2950 2401 3028 Anglis
2445 2954 2818 3024 constructo,

563 3033 709 3111 quin
757 3034 937 3092 etiam
981 3034 1360 3094 desiderabat
1402 3034 1466 3094 in
1512 3034 1774 3096 Galliam
1825 3039 2171 3117 pervenire:
2241 3040 2345 3099 sed
2403 3037 2693 3098 revocata
2749 3040 2819 3098 in

562 3123 822 3201 patriam
867 3124 945 3181 ab
990 3121 1242 3183 Aedano
1300 3123 1578 3203 episcopo
1640 3127 1944 3186 abbatissa
1990 3126 2606 3188 Strenaeshalchensis
2652 3128 2820 3188 facta

563 3218 656 3270 est
701 3217 761 3270 et
804 3213 870 3270 in
914 3212 1137 3288 synodo
1193 3213 1258 3271 in
1316 3213 1503 3291 ipsius
1559 3215 1918 3274 monasterio
1972 3216 2180 3276 habita
2226 3238 2263 3275 a
2309 3215 2628 3275 Scotorum
2674 3238 2814 3294 par-

564 3301 729 3358 tibus
788 3301 961 3360 stetit
1019 3300 1213 3376 (Beda
1266 3302 1322 3359 h.
1371 3323 1420 3359 e.
1468 3303 1536 3374 4,
1587 3303 1695 3376 23,
1757 3304 1793 3381 ξ
1843 3305 1968 3362 323
2018 3325 2178 3381 sqq.;
2249 3306 2315 3377 3,-
2366 3305 2474 3378 25,
2537 3308 2574 3383 ξ
2637 3307 2815 3383 228).

566 3388 859 3461 Quartam
914 3389 1167 3465 denique
1221 3390 1460 3448 nomino
1504 3390 1881 3464 Eanfledam,
1951 3392 2218 3452 Aeduini
2276 3393 2434 3470 regis
2492 3393 2709 3466 filiam,
2779 3415 2815 3454 a

565 3477 822 3535 Paulino
868 3477 1237 3554 baptizatam
1283 3481 1363 3555 (h.
1396 3501 1443 3537 e.
1480 3481 1536 3552 2,
1572 3481 1630 3552 9,
1663 3481 1699 3557 g
1741 3481 1908 3558 114),
1958 3502 2109 3560 quae
2153 3488 2363 3560 postea
2408 3482 2539 3559 regi
2571 3482 2814 3543 Oswino

568 3564 775 3643 nupsit
820 3566 901 3643 (h.
943 3587 992 3625 e.
1038 3569 1094 3640 3,
1143 3568 1241 3642 15,
1287 3571 1323 3647 g
1373 3569 1540 3645 191).
1591 3603 1665 3613 -
1721 3568 1842 3628 Sed
1896 3591 1970 3628 ne
2024 3571 2200 3649 plura
2257 3571 2606 3651 hujusmodi,
2642 3573 2811 3632 testi-

567 3653 767 3712 monia
827 3657 1133 3734 proferens
1193 3657 1527 3715 molestiam
1587 3655 1831 3716 afferam
1897 3660 2232 3735 legentibus
2249 3703 2264 3733 ,
2332 3665 2662 3719 extremum
2727 3660 2814 3721 sit

570 3761 1041 3819 commemorare,
1090 3744 1248 3821 quod
1293 3744 1455 3821 ipsos
1499 3746 1810 3826 utriusque
1856 3747 2134 3808 ecclesiae
2180 3748 2423 3808 clericos
2468 3749 2813 3828 saepissime

570 3830 903 3892 invenimus
949 3833 1012 3890 in
1057 3853 1177 3890 una
1222 3832 1528 3909 provincia
1574 3834 1872 3906 viventes;
1941 3836 2179 3895 nomino
2223 3837 2270 3897 J
2271 3839 2522 3896 acobum
2568 3839 2815 3899 Paulini

570 3920 835 3999 episcopi
881 3920 1219 3992 diaconum,
1282 3920 1385 3996 qui
1429 3921 1685 3981 Paulino
1743 3924 1985 4001 expulso
2040 3925 2103 3982 in
2158 3927 2214 3986 N
2216 3926 2680 4003 ordanhymbria
2720 3947 2811 3987 re·

570 4008 746 4066 lictus
793 4006 985 4082 (Beda
1014 4009 1070 4065 h.
1105 4029 1151 4065 e.
1187 4010 1243 4080 2,
1280 4010 1380 4081 20,
1412 4011 1449 4087 g
1487 4010 1637 4085 149)
1683 4011 1772 4070 ibi
1814 4033 1923 4090 per
1968 4019 2161 4073 totum
2205 4019 2456 4093 tempus,
2504 4035 2621 4092 quo
2669 4014 2811 4075 Sco·

570 4102 770 4154 torum
816 4094 1060 4154 ecclesia
1105 4096 1382 4170 florebat,
1442 4106 1745 4176 superstes
1805 4102 2086 4161 manebat
2142 4121 2328 4177 usque
2390 4104 2467 4162 ad
2522 4106 2813 4181 synodum

572 4182 1224 4243 Strenaeshalchensem
1257 4186 1338 4261 (h.
1370 4207 1420 4244 e.
1456 4187 1512 4259 3,
1550 4187 1650 4259 25,
1693 4189 1728 4264 ξ
1764 4190 1889 4246 226
1924 4195 1985 4249 et
2017 4191 2187 4267 228),
2233 4189 2446 4251 deinde
2475 4192 2813 4253 Romanum

573 4272 1012 4367 presbyterum,
1071 4273 1173 4349 qui
1218 4293 1352 4332 cum
1396 4274 1686 4334 Eanfleda
1732 4277 1938 4354 regina
1980 4279 2043 4337 in
2087 4277 2665 4357 Nordanhymbriam
2713 4304 2810 4343 ve·
