3025 4909
1132 214 1621 270 -109—

241 401 506 474 quartus
569 394 755 454 codex
814 394 1211 452 numerandus
1272 400 1389 465 est,
1472 392 1665 454 adhuc
1736 391 2021 466 ineditus,
2103 390 2509 470 sangallensis

233 485 397 566 ⁸Nm.
435 480 564 541 915
613 503 763 543 saec.
808 482 875 540 X
920 484 1013 542 vel
1059 482 1177 554 XI,
1225 482 1288 550 in
1336 502 1453 560 quo
1499 488 1654 541 teste
1701 479 2020 540 Scherrero
2068 482 2508 558 (Verzeichniss

240 574 359 633 der
419 572 891 632 Handschriften
953 571 1060 630 der
1119 570 1632 633 Stiftsbibliothek
1694 589 1810 629 von
1873 568 1962 630 St.
2021 570 2251 630 Gallen.
2321 572 2508 629 1875.

237 684 305 740 p.
359 663 512 737 337)
577 661 780 720 eadem
839 666 1044 719 nostra
1099 661 1306 737 regula
1368 659 1728 718 coenobialis
1783 660 2089 719 invenitur
2143 680 2211 718 ac
2270 659 2508 737 quidem

241 751 554 811 simillima
599 748 860 808 breviori
905 749 994 810 illi
1038 750 1287 819 formae,
1353 769 1504 824 quae
1565 769 1637 807 ex
1694 748 1995 808 codicibus
2043 748 2400 825 Augustano
2449 754 2511 807 et

242 839 666 898 Oxenhusano
696 838 957 916 primum
1002 858 1040 895 a
1069 837 1383 914 Flemingo
1431 837 1645 896 deinde
1690 837 1753 895 in
1784 837 1943 898 Bibl.
1976 857 2128 896 max.
2161 837 2299 897 XII
2346 837 2509 898 edita

243 935 345 989 est
394 929 492 1004 (cf.
538 927 815 1003 Loening
860 925 949 985 II.
995 948 1054 1003 p.
1104 926 1234 984 433
1283 932 1403 985 not.
1459 925 1591 1001 l).1

434 1018 604 1091 Quae
649 1036 782 1075 cum
826 1015 915 1073 ita
969 1016 1107 1087 sint,
1155 1015 1436 1074 adversus
1481 1015 1823 1074 Ebrardum
1869 1017 1952 1093 (p.
1994 1017 2143 1091 149)
2192 983 2504 1075 dicendum

243 1115 346 1167 est
401 1107 669 1183 regulam
730 1106 892 1162 illam
954 1103 1354 1163 coenobialem
1411 1110 1670 1180 quatuor
1730 1104 2034 1164 codicibus
2094 1104 2155 1162 in
2194 1104 2308 1167 bis
2356 1103 2503 1163 San-

244 1196 503 1274 gallensi
550 1194 719 1253 nobis
766 1193 1077 1265 traditam,
1127 1192 1218 1260 bis
1265 1192 1590 1260 Columbae
1638 1192 2021 1264 attributam,
2084 1193 2146 1251 in
2193 1193 2504 1254 Scotorum

243 1284 609 1344 monasterio
642 1281 1014 1361 Sangallensi
1045 1278 1357 1362 „regulam
1386 1279 1773 1346 coenobialem
1793 1289 2082 1363 patrum“
2104 1280 2129 1316 2
2158 1282 2504 1360 inscriptam

247 1373 579 1434 Columbae
620 1370 1076 1448 abjudicandam
1123 1390 1242 1429 non
1288 1391 1431 1443 esse,
1478 1370 1596 1429 nisi
1640 1371 1992 1447 gravissima
2039 1371 2283 1429 obstant
2328 1391 2502 1447 argu·

246 1468 472 1522 menta.
565 1460 687 1521 Sed
731 1465 969 1519 tantum
1016 1461 1211 1532 abest,
1258 1465 1328 1519 ut
1373 1460 1632 1537 proferri
1676 1459 1907 1538 possint
1952 1465 2304 1540 argumenta
2352 1479 2503 1518 com·

246 1550 680 1610 memoratione
726 1549 926 1626 digna,
974 1568 1125 1625 quae
1170 1551 1439 1626 regulam
1484 1549 1650 1606 illam
1697 1570 1733 1608 a
1772 1548 2062 1608 Columba
2107 1548 2501 1625 conscriptam

249 1661 373 1700 non
419 1659 545 1704 esse
592 1639 1007 1716 comprobent,
1066 1642 1134 1696 ut
1180 1637 1665 1697 luculentissimis
1712 1637 2069 1697 testimoniis
2116 1637 2502 1715 comprobare

248 1729 547 1809 possimus
594 1726 943 1786 Columbam
990 1728 1228 1803 regulae
1274 1726 1434 1785 illius
1481 1732 1784 1786 auctorem
1829 1726 2029 1785 fuisse.
2353 1778 2360 1788 .

433 1817 699 1875 Primum
747 1816 902 1875 enim
950 1817 1280 1884 nonnullos·
1307 1835 1521 1892 mores,
1571 1815 1675 1892 qui
1721 1814 2022 1893 conspicui
2052 1814 2331 1874 videntur
2375 1835 2501 1873 esse

245 1909 346 1981 iis,
395 1905 499 1983 qui
542 1905 808 1982 regulam
861 1904 1260 1963 coenobialem
1299 1904 1524 1981 legunt,
1571 1910 1806 1964 constat
1848 1904 1910 1961 in
1955 1924 2067 1963 nsu
2112 1903 2294 1962 fuisse
2340 1902 2501 1981 apud

251 1997 483 2068 Scotos,
529 1993 594 2052 in
639 1994 731 2053 his
772 1993 931 2069 quod
963 1994 1231 2052 cochlear
1277 1993 1600 2070 signabant
1643 1993 1814 2070 signo
1861 1993 2068 2065 crucis,
2116 1992 2277 2069 quod
2322 1993 2497 2053 bene-

251 2085 574 2145 dictionem
634 2082 861 2141 dabant
915 2088 977 2140 et
1033 2082 1435 2158 ingredientes
1487 2082 1693 2143 domos
1749 2091 1811 2143 et
1870 2083 2268 2159 egredientes,
2340 2081 2498 2158 quod

251 2181 424 2234 extra
476 2171 716 2230 modum
771 2170 1094 2248 prodibant
1149 2171 1213 2229 in
1269 2171 1581 2231 cantandis
1634 2172 1878 2249 psalmis
1932 2179 1994 2231 et
2052 2171 2170 2232 alia
2216 2172 2314 2246 (cf.
2361 2170 2497 2229 Fle-

249 2263 435 2339 ming,
480 2282 536 2338 p.
571 2260 673 2333 25,
720 2261 952 2333 Hertel,
1001 2282 1058 2338 p.
1092 2261 1221 2319 438
1254 2283 1339 2338 sq.
1374 2267 1435 2320 et
1474 2281 1656 2338 supra
1695 2282 1753 2338 p.
1789 2263 1914 2336 70).
2005 2259 2097 2318 At
2141 2279 2361 2320 novum
2407 2263 2499 2318 est

253 2358 316 2411 et
363 2350 521 2452 quod
566 2349 629 2425 ii,
680 2349 783 2425 qui
829 2350 962 2408 illos
993 2369 1185 2408 mores
1216 2351 1626 2453 neglexerunt,
1671 2349 1878 2427 poenis
1925 2347 2267 2408 afficiuntur
2310 2348 2501 2424 iisque

252 2431 622 2517 gravissimis
653 2473 736 2485 —-
770 2439 1055 2515 vapulare
1102 2439 1257 2497 enim
1299 2439 1453 2513 jussi
1498 2445 1640 2497 sunt
1677 2439 1935 2496 12—50
1966 2434 2501 2516 „percussionibus“

254 2563 339 2574 —
388 2534 450 2587 et
503 2527 664 2603 quod
722 2527 852 2604 ipsa
911 2527 1015 2585 illa
1073 2526 1268 2586 inanis
1327 2527 1625 2603 psallendi
1693 2527 1847 2586 ratio
1914 2527 2001 2586 ita
2060 2526 2379 2588 insumitur
2438 2526 2500 2588 in

250 2636 521 2695 poenam,
567 2622 635 2674 ut
682 2616 900 2689 tribus,
952 2621 1233 2693 quatuor,
1279 2616 1374 2674 vel
1423 2616 1506 2673 24
1552 2616 1797 2693 psalmis
1843 2614 2150 2678 cantandis
2196 2614 2501 2693 poeniten-

252 2706 402 2766 tiam
448 2724 625 2782 agere
673 2706 943 2762 monachi
981 2706 1325 2780 jubeantur.
1404 2702 1525 2763 Sed
1569 2724 1762 2780 neque
1807 2705 1919 2763 hoc
1965 2723 2157 2779 neque
2203 2702 2352 2762 illud
2397 2703 2498 2762 ad-

253 2792 559 2859 mirationi
591 2811 718 2851 esse
749 2791 945 2852 debet.
1007 2791 1110 2852 An
1141 2793 1350 2870 negari
1378 2798 1594 2871 potest,
1640 2794 1803 2852 illam
1849 2792 2144 2872 psallendi
2190 2792 2501 2863 rationem,

255 2903 373 2962 qua
419 2879 586 2941 Scoti
633 2881 694 2939 in
743 2880 965 2958 vigiliis
1010 2882 1336 2943 utebantur
1381 2883 1479 2958 (cf.
1526 2881 1784 2954 Ebrard,
1831 2903 1888 2959 p.
1937 2882 2066 2940 228
2099 2884 2273 2958 sqq.)‚
2320 2880 2502 2940 etiam

252 2972 343 3045 iis,
391 2970 493 3048 qui
525 2970 704 3048 culpa
734 2971 1046 3042 vacabant,
1093 2971 1252 3028 haud
1299 2970 1478 3029 dubie
1525 2970 1717 3048 magis
1763 2970 2065 3032 molestiae
2111 2970 2291 3030 fuisse
2323 2988 2501 3046 quam

254 3060 498 3139 pietatis
545 3058 999 3118 exercitationi?
1067 3058 1303 3135 Neque,
1365 3059 1510 3137 quin
1557 3059 1738 3117 moris
1782 3059 1966 3120 fuerit
2011 3058 2322 3124 Scotorum
2369 3078 2500 3118 ver·

253 3149 492 3208 beribus
538 3146 1011 3207 animadvertere
1057 3147 1119 3206 in
1166 3167 1264 3206 eos
1312 3148 1415 3224 qui
1460 3148 1869 3208 inobedientes
1914 3150 2174 3219 fuerant,
2236 3146 2502 3205 dubitari

254 3244 477 3318 potest,
541 3235 813 3313 quamvis
872 3235 1186 3296 Ebrardus
1233 3236 1612 3313 (zeitschrift
1655 3238 1753 3300 ffir
1798 3236 2004 3295 histor.
2029 3234 2257 3296 Theol.
2312 3234 2500 3308 1875,

253 3348 310 3406 p.
367 3325 522 3402 504)
590 3324 717 3385 sine
778 3325 900 3383 ulla
969 3344 1147 3383 causa
1206 3325 1469 3388 Hertelii
1528 3331 1895 3403 argumenta·
1940 3331 2246 3401 tamquam
2316 3324 2505 3388 stulta

252 3420 513 3493 respuat,
562 3414 721 3491 quod
765 3414 1090 3486 Hertelius,
1136 3434 1289 3490 quae
1334 3415 1408 3474 de
1454 3415 1658 3494 pueris
1701 3415 2127 3493 vapulantibus
2173 3414 2334 3474 dicta
2381 3413 2503 3476 sint
2582 3441 2595 3464 ι

255 3504 317 3563 in
361 3505 489 3563 vita
534 3500 825 3571 Walarici
873 3503 975 3575 32,
1021 3503 1180 3562 Mab.
1226 3504 1313 3577 H,
1359 3525 1496 3564 ann.
1547 3505 1693 3577 627,
1740 3525 1797 3582 p.
1846 3504 1950 3577 87,
2008 3504 2305 3580 acceperit
2350 3508 2501 3561 tam·

435 3750 454 3780 ¹
495 3746 778 3816 Delegavi
814 3746 1058 3800 lectores
1095 3746 1170 3800 ad
1207 3746 1369 3801 illum
1408 3746 1713 3817 Loeningii
1751 3746 1969 3810 locum,
2027 3748 2092 3797 ut
2139 3744 2349 3809 sciant,
2409 3744 2503 3799 cui

257 3819 516 3884 debeam,
570 3818 732 3888 quod
760 3818 971 3872 codicis
1010 3818 1161 3871 illius
1201 3817 1593 3886 Sangallensis
1629 3818 1892 3872 notitiam
1931 3786 2138 3879 liabe0‚
2177 3845 2245 3856 —
2283 3832 2399 3869 non
2436 3820 2501 3869 ut

255 3890 365 3958 ipsi
401 3890 488 3943 illi
527 3889 828 3959 Loeningii
867 3889 1222 3942 annotationi
1262 3889 1433 3943 fidem
1470 3888 1734 3943 habeant.
1812 3887 1959 3941 Nam
2004 3887 2169 3940 multi
2220 3904 2284 3941 ac
2334 3887 2500 3940 mira·

254 3961 395 4015 biles
432 3960 492 4014 in
529 3961 687 4014 illam
720 3959 1146 4042 annotationem
1173 3960 1458 4029 irrepsere
1484 3976 1721 4023 errores,
1763 3975 1919 4028 quos,
1961 3975 2089 4013 cum
2114 3958 2309 4012 malim
2336 3962 2502 4026 typo·

255 4034 472 4087 thetam
510 4048 677 4101 quam
714 4030 900 4099 ipsum
937 4031 1121 4083 virum
1159 4030 1549 4086 doctissimum
1598 4000 1984 4101 negligentiae
2022 4046 2314 4094 accusare,
2367 4045 2500 4082 enu-

254 4120 474 4160 merare
512 4101 653 4155 mihi
691 4106 1013 4170 pertaesum
1051 4105 1155 4155 est.

435 4175 457 4206 ‘²
495 4172 583 4227 De
621 4173 729 4227 hoc
767 4172 963 4226 codice
1000 4189 1150 4226 nunc
1189 4173 1362 4227 etiam
1400 4172 1703 4227 Ebrardus·
1738 4173 1914 4234 verba
1963 4171 2101 4228 fecit
2137 4170 2496 4240 (Bonifatius,

254 4263 307 4314 p.
349 4246 463 4315 13),
521 4244 621 4299 sed
678 4244 787 4308 ita,
845 4246 911 4296 ut
946 4243 1119 4296 etiam
1179 4245 1226 4298 si
1276 4261 1526 4313 possem,
1611 4243 1934 4298 dubitarem
1989 4243 2247 4311 pluribus
2308 4243 2361 4297 ei
2412 4259 2500 4296 re-

252 4332 523 4389 pugnare.
