3025 4909
1121 239 1565 298 ...35—

344 420 438 481 sic
484 421 706 500 scripta
754 421 1035 499 (Betham
1079 424 1118 481 1.
1161 443 1209 480 c.
1241 444 1298 500 Ρ.
1331 421 1527 482 XXV
1557 423 1702 500 sq.:)
1753 415 1956 482 XIII
1985 443 2140 484 anno
2179 418 2470 485 Theotosii

348 508 741 592 Imperatoris
787 530 826 569 a
861 509 1141 573 Celestino
1186 509 1459 590 episcopo
1490 508 1669 591 Papa
1711 507 1944 571 Romae
1974 509 2271 573 Patricius
2317 512 2462 595 epis·

346 618 534 679 copus
579 599 662 660 ad
706 599 1038 660 doctrinam
1083 593 1393 659 Scotorum
1434 598 1706 670 mittitur,
1754 599 1856 682 qui
1896 598 2210 662 Celestinus
2256 598 2477 662 XLII

348 687 656 768 episcopus
701 709 741 747 a
771 686 951 750 Petro
997 685 1260 769 apostolo
1304 687 1367 747 in
1396 687 1541 748 urbe
1572 685 1819 749 Romae.
1859 725 1933 734 —
1971 686 2289 751 Palladius
2319 690 2464 772 epis-

350 795 534 856 copus
578 777 782 859 primo
825 776 1071 838 mittitur
1113 776 1216 858 qui
1257 774 1378 836 alio
1420 775 1652 837 nomine
1696 774 1991 837 Patricius
2035 777 2464 861 appellabatur,

347 864 456 946 qui
495 865 851 945 martyrium
888 886 1103 946 passus
1148 874 1228 925 est
1273 866 1439 946 apud
1468 863 1692 937 Scotos‚
1739 874 1804 926 ut
1846 866 2090 927 tradunt
2133 867 2321 928 sancti
2361 889 2463 928 an-

349 952 511 1035 tiqui.
589 950 824 1015 Deinde
853 952 1152 1014 Patricius
1192 953 1476 1015 secundus
1506 953 1584 1013 ab
1613 951 1849 1035 anqueli
1875 954 1973 1014 dei
2016 952 2211 1016 Victor
2238 957 2469 1017 nomine

350 1051 405 1101 et
439 1038 716 1104 Celestino
749 1063 955 1124 papae
981 1042 1243 1114 mittitur,
1290 1041 1386 1103 cui
1413 1039 1706 1103 Hibernia
1745 1052 1864 1104 tota
1895 1043 2160 1117 credidit,
2208 1045 2310 1127 qui
2336 1065 2468 1105 eam

337 1151 539 1210 paene
584 1141 766 1192 totam
811 1131 1141 1213 baptizavit.

205 1216 320 1277 10.
355 1220 502 1280 Alia
526 1223 753 1281 leviora
776 1223 850 1281 de
872 1221 1093 1281 honore
1117 1222 1380 1281 Patricio
1403 1222 1608 1282 debito
1630 1222 1911 1298 (Betham
1934 1224 1972 1281 l.
1990 1245 2037 1282 e.
2053 1246 2110 1302 p.
2128 1223 2467 1301 XXXVI).

207 1308 243 1364 1
260 1308 321 1367 1.
365 1310 549 1384 „Alia
629 1331 820 1389 pauca
897 1312 1172 1371 serotinis
1252 1312 1619 1389 temporibus
1705 1313 1949 1373 inventa
2018 1313 2255 1391 suisque
2325 1315 2468 1373 locis

351 1400 690 1458 narranda“
745 1405 806 1459 et
859 1401 990 1478 ipsa
1047 1401 1498 1460 annotationum
1552 1422 1717 1460 more
1763 1402 2097 1479 conscripta
2143 1423 2262 1460 non
2306 1403 2467 1463 vitae

352 1487 536 1565 idque
583 1489 804 1565 partim
835 1489 1165 1549 Hibernico
1211 1490 1431 1568 partim
1477 1490 1668 1549 latino
1717 1511 1985 1549 sermone
2017 1489 2298 1566 (Betham
2346 1492 2385 1550 l.
2419 1512 2466 1550 c.

348 1597 411 1654 p.
459 1577 1076 1638 XXXVI—XLIII
1123 1585 1185 1637 et
1229 1579 1542 1656 anglicane
1585 1579 1823 1639 reddita
1868 1578 1947 1638 ib.
1994 1601 2051 1657 p.
2088 1580 2466 1653 393—4123

351 1670 576 1742 majore
632 1667 944 1744 diligentia
1001 1674 1065 1727 et
1109 1667 1269 1726 edita
1315 1673 1377 1726 et
1420 1667 1482 1725 in
1530 1667 1931 1745 Anglicanum
1978 1688 2260 1728 conversa
2305 1669 2467 1747 apud

354 1754 590 1828 Stokes,
637 1754 947 1815 Goidelica
994 1757 1085 1814 ed.
1143 1758 1201 1813 2.
1269 1756 1457 1814 1874.
1521 1778 1578 1834 p.
1626 1757 1710 1814 83
1758 1761 1931 1834 sqq.).
2025 1758 2193 1831 Quae
2239 1780 2275 1816 a
2322 1778 2464 1835 quo·

352 1863 491 1901 nam
539 1845 875 1922 conscripta
921 1845 1070 1917 sint,
1119 1845 1428 1918 nescimus,
1476 1865 1668 1922 neque
1715 1844 2127 1918 Tirechanum‚
2173 1853 2242 1905 ut
2286 1849 2466 1925 vulgo

355 1937 628 2010 putatur,
692 1953 883 2010 neque
939 1934 1316 1992 Muirchuum
1362 1933 1601 2009 (Stokes
1655 1954 1712 2011 p.
1762 1934 1871 2010 84)
1930 1941 2233 1994 auctorem
2287 1936 2467 1995 fuisse

355 2021 497 2080 licet
543 2021 867 2093 affirmare,
929 2022 1030 2080 sed
1079 2022 1315 2099 quando
1362 2022 1691 2101 composita
1737 2023 1884 2096 sint,
1939 2044 2060 2081 non
2105 2024 2282 2097 latet,
2329 2046 2467 2083 nam

355 2110 597 2169 ineunte
659 2112 892 2169 saeculo
952 2117 1163 2170 octavo
1225 2112 1453 2189 priores
1513 2131 1636 2170 non
1695 2131 1821 2170 esse
1883 2113 1989 2170 has
2049 2114 2468 2172 annotationes

354 2199 817 2258 luculentissime
864 2201 1256 2277 comprobant
1299 2202 1541 2259 nomina
1572 2200 2000 2278 episcoporum,
2048 2201 2121 2260 de
2154 2202 2370 2278 quibus
2398 2201 2469 2261 fit

359 2288 581 2347 mentio
629 2290 726 2364 (cf.
775 2288 992 2348 Stokes
1039 2311 1098 2367 p.
1146 2290 1276 2365 83).

403 2377 540 2452 (12)
614 2376 969 2456 „Capitula“
1040 2378 1136 2437 vel
1206 2378 1657 2452 „annotationes
1720 2376 1906 2436 Aidi“
1978 2379 2260 2454 (Betham
2318 2379 2357 2439 l.
2419 2399 2466 2438 c.

220 2487 282 2544 p.
328 2463 558 2522 XLIII
604 2468 716 2543 sq.)
763 2466 883 2525 vid.
930 2486 1112 2543 supra
1158 2485 1265 2524 nro
1318 2467 1370 2524 1.

229 2555 327 2611 12.
360 2553 543 2613 Liber
571 2554 800 2631 Angeli
832 2555 1114 2631 (Betham
1159 2554 1197 2612 l.
1246 2575 1294 2613 c.
1336 2577 1394 2633 p.
1424 2554 2067 2632 XLIV—XLVIII),
2117 2578 2291 2634 quem
2322 2556 2467 2617 Ske-

356 2642 503 2715 nius‚
550 2662 682 2701 cum
730 2643 802 2702 de
850 2665 918 2703 eo
965 2645 1149 2703 verba
1195 2664 1313 2701 non
1344 2643 1544 2717 faciat,
1590 2644 1750 2702 haud
1780 2644 1901 2703 scio
1934 2665 2011 2704 an
2041 2651 2274 2723 partem
2305 2646 2468 2705 vitae

358 2730 653 2788 Muirchui
710 2733 1085 2807 judicaverit.
1178 2731 1359 2792 Certo
1421 2732 1726 2808 cujusdam
1786 2732 1925 2791 libri
1984 2755 2125 2811 pars
2172 2743 2288 2806 est,
2349 2754 2467 2793 non

356 2820 483 2896 ipse
529 2819 767 2895 integer
813 2820 1055 2897 quidam
1101 2820 1362 2893 libellus,
1421 2840 1613 2897 neque
1659 2821 1733 2879 de
1777 2821 2031 2880 Patricii
2076 2823 2204 2882 vita
2247 2824 2310 2881 in
2358 2823 2470 2881 hoc

357 2908 509 2966 libro
573 2909 890 2985 quicquam
945 2910 1101 2968 inest
1145 2910 1262 2968 nisi
1306 2929 1629 2981 sermones,
1693 2928 1839 2986 quos
1886 2930 2017 2969 cum
2064 2912 2276 2987 angelo
2324 2932 2467 2989 quo-

359 2997 492 3055 dam
539 2997 841 3055 Patricius
895 2997 1170 3057 habuisse
1227 2998 1448 3057 dicitur
1493 3003 1557 3056 et
1602 2997 1719 3056 alia
1764 2999 2080 3058 maximam
2127 3001 2190 3058 in
2235 3008 2468 3077 partem

359 3085 599 3144 leviora.

400 3173 497 3232 Ex
539 3174 631 3232 his
676 3174 750 3232 de
779 3173 1047 3233 Patricio
1088 3174 1442 3234 testimoniis
1476 3195 1562 3246 ea,
1611 3195 1762 3251 quae
1797 3175 1853 3248 5,
1905 3178 1961 3249 6,
2011 3179 2067 3249 7,
2116 3177 2175 3248 8,
2228 3178 2306 3235 10
2339 3178 2468 3237 loco

234 3263 526 3341 posuimus
542 3306 557 3335 ‚
626 3263 712 3320 nil
779 3263 1065 3322 momenti
1125 3262 1381 3322 afferunt
1442 3283 1633 3340 eaque
1691 3263 1766 3321 de
1827 3284 2004 3324 causa
2063 3267 2467 3343 neglegentur.

235 3352 535 3411 Postrema
566 3357 764 3410 autem
799 3360 1055 3429 quatuor
1078 3353 1312 3410 illarum
1337 3352 1789 3411 annotationum
1812 3373 1995 3431 supra
2018 3354 2132 3412 sub·
2155 3356 2191 3411 2
2219 3362 2467 3414 comme-

236 3449 587 3499 moratarum
634 3441 747 3500 etsi
777 3441 1111 3500 Patricium
1157 3441 1478 3518 aliquando
1510 3441 1739 3500 Romae
1785 3443 1966 3501 fuisse
1998 3443 2187 3516 docet,
2218 3479 2294 3488 —
2331 3465 2470 3503 nam

238 3530 317 3588 ibi
365 3530 766 3588 Feredachum
831 3530 1127 3606 quendam
1188 3550 1224 3588 a
1279 3529 1545 3588 Patricio
1604 3531 1669 3588 in
1731 3531 2103 3590 sacerdotum
2163 3552 2468 3592 numerum

238 3624 525 3696 receptum
573 3639 698 3677 esse
745 3625 953 3678 narrat
1006 3654 1080 3662 —
1129 3625 1328 3678 tamen
1377 3627 1438 3678 et
1483 3620 1641 3697 ipsa,
1706 3620 1845 3696 quia
1892 3621 2195 3679 obscurior
2242 3627 2346 3694 est,
2410 3629 2471 3680 et

241 3708 640 3766 antecedentes
685 3713 809 3766 tres
853 3708 1182 3768 levissimae
1229 3707 1436 3767 itidem
1482 3708 1887 3785 neglegendae
1926 3714 2080 3767 sunt.
2157 3710 2365 3788 Neque
2396 3711 2469 3769 de

242 3797 379 3855 libro
422 3795 645 3873 Angeli
705 3796 880 3874 plura
942 3797 1158 3863 dicam,
1221 3795 1360 3872 quia
1421 3797 1507 3854 nil
1570 3797 1853 3855 momenti
1912 3797 2088 3856 affert
2141 3799 2218 3856 ad
2264 3800 2468 3857 adum·

243 3886 511 3943 brandam
574 3885 827 3944 Patricii
887 3885 1091 3945 vitam.
1183 3883 1364 3943 Certo
1426 3905 1567 3943 vero
1629 3905 1749 3943 non
1808 3885 2084 3963 impedit,
2156 3888 2470 3963 quominus

243 3973 554 4032 Patricium
585 3974 814 4032 Romae
858 3972 1041 4032 fuisse
1081 3979 1375 4051 putemus,
1420 3993 1558 4031 nam
1590 3973 1767 4032 finxit
1797 3975 1893 4032 vel
1923 3977 2107 4034 refert
2137 3975 2471 4035 Patricium

245 4059 537 4121 deco-wisse
582 4082 783 4121 omnes
831 4082 1038 4123 causas
1082 4063 1388 4138 graviores
1433 4061 1518 4121 ad
1558 4061 1752 4122 sedem
1769 4060 2164 4141 apostolicam
2192 4083 2310 4125 esse
2338 4063 2468 4124 mit·

245 4150 428 4211 tendas
471 4150 510 4210 i.
542 4169 586 4209 e.
623 4150 706 4210 ad
735 4148 903 4210 Petri
929 4147 1183 4233 apostoli
1224 4147 1564 4211 cathedram
1608 4149 2008 4210 auctoritatem
2037 4148 2269 4212 Romae
2310 4151 2471 4213 urbis

227 4239 394 4325 finem
440 4234 525 4319 (ἵ)
580 4239 862 4316 (Betham
909 4239 1006 4313 II,
1062 4261 1197 4319 app.
1244 4261 1301 4318 p.
1347 4239 1680 4318 XLVIH).
1771 4240 1987 4318 Itaque
2047 4241 2121 4299 de
2176 4241 2473 4301 Muirchui

248 4330 379 4402 vita,
423 4329 497 4387 de
543 4329 720 4387 dictis
765 4328 1046 4402 Patricii,
1108 4329 1181 4386 de
1229 4328 1545 4387 Tirechani
1593 4330 2106 4402 annotationibus,
2168 4331 2243 4388 de
2290 4352 2468 4391 anno-

1969 4430 2042 4483 3*
