3025 4909
1507 202 1937 259 ..96-

610 376 694 435 28
725 376 815 454 H)
862 382 924 435 et
952 376 1169 435 similia
1213 376 1278 434 in
1322 376 1526 436 eadem
1572 378 1830 456 epistula
1860 381 1942 455 (p.
1983 378 2068 436 30
2096 378 2205 454 Ε)·
2250 396 2380 437 noe
2431 375 2626 447 minz,
2673 384 2740 435 ut
2770 385 2895 436 aute

605 463 752 535 divi,
798 463 1045 525 deviotcti
1085 484 1285 524 sumus
1330 462 1998 538 cathedraesotiPetv-i,
2044 464 2375 527 licetenim
2413 462 2888 546 Rommayna

604 550 2888 637 estetmdyata,perietamcatlzedramtanmmapminoseatma9na

604 650 658 701 et
716 638 898 700 clara.
988 643 1104 701 His
1163 642 1361 701 verbis
1426 644 1731 722 paulisper
1787 644 2145 704 insistamus.
2233 645 2414 704 Nam
2484 642 2706 720 magni
2769 664 2881 703 mo-

604 730 791 790 menti
855 738 945 790 est
1006 750 1356 808 cognoscere
1419 730 1770 791 Columbam
1831 733 2032 793 verbis
2092 733 2212 792 illis
2279 732 2670 792 distinxisse
2735 732 2885 791 inter

605 819 945 878 cathedram
991 819 1295 879 Romanae
1354 820 1512 879 sedis
1564 821 1926 899 apostolicae
1980 828 2041 881 et
2094 822 2293 900 ipsam
2345 823 2584 880 urbem
2631 820 2879 880 Romam

606 915 667 968 et
711 909 965 967 voluisse
1021 908 1198 967 aliam
1244 929 1371 968 esse
1416 910 1835 969 auctoritatem
1878 910 2035 970 sedis
2081 910 2471 988 apostolicae
2521 911 2716 968 aliam
2762 911 2877 986 glo·

575 998 755 1055 'riam
801 1017 869 1055 ac
913 997 1146 1055 laudem
1192 1004 1478 1057 aeternae
1514 997 1675 1057 illius
1718 998 1898 1057 urbis.
1991 999 2167 1073 Quod
2210 999 2338 1058 nisi
2390 999 2874 1076 cognoverimus,

603 1106 722 1144 non
750 1085 1177 1163 intellegemus,
1225 1087 1368 1161 quid
1406 1087 1523 1146 sibi
1552 1087 1741 1147 velint
1769 1088 2032 1162 ejusdem
2062 1088 2368 1166 epistulae
2401 1088 2609 1147 verba
2640 1088 2873 1146 haecce·

609 1182 886 1254 „propter
917 1170 1138 1234 Christi
1174 1173 1435 1254 qeminos
1477 1172 1861 1256 apostolos..
1891 1195 2038 1236 ,υο8
2069 1195 2267 1256 prope
2317 1172 2609 1236 coelestes
2657 1174 2789 1234 esti-s
2828 1182 2873 1233 et

602 1259 805 1321 Roma
848 1260 1004 1322 orbis
1045 1271 1337 1322 tem-arum
1381 1272 1559 1344 caput
1600 1272 1682 1323 est
1722 1218 2109 1336 ‘ecclesianam
2155 1263 2328 1325 salva
2379 1261 2510 1326 loci
2547 1262 2870 1324 domninam

599 1349 1032 1412 resurrecttbnis
1073 1348 1365 1432 sinyulan‘
1397 1350 1866 1432 praeroyativaf‘
1946 1353 2100 1413 Nam
2145 1354 2329 1413 aliter
2380 1374 2460 1412 ac
2509 1353 2685 1413 dicta
2723 1358 2868 1412 sunt

601 1439 951 1499 Warrenius
993 1441 1139 1499 haec
1183 1441 1368 1500 verba
1413 1442 1660 1520 accepit,
1706 1460 1839 1499 cum
1878 1441 2165 1501 scriberet
2193 1446 2279 1521 (p.
2318 1444 2481 1519 38).
2531 1438 2642 1501 Ee
2670 1438 2863 1501 allows

600 1524 2139 1610 altiyhpostofhonoumtotheSeeomene,
2188 1527 2866 1592 btdsecondtothat

600 1615 676 1698 of
709 1612 1069 1688 Jeowalem,
1126 1613 1218 1677 the
1263 1615 1436 1699 place
1480 1615 1554 1701 ‘ff
1591 1636 1701 1677 om·
1744 1613 1964 1678 Lord⁷8
2007 1618 2417 1691 ressurectio&
2467 1655 2565 1665 -—-
2612 1639 2751 1678 nam
2794 1618 2857 1676 de

599 1705 763 1764 sede
808 1704 1352 1784 Hierosolymitana
1408 1707 1496 1765 nil
1554 1706 1711 1765 inest
1770 1706 1833 1764 in
1878 1707 1972 1766 bis
2015 1708 2238 1780 verbis,
2305 1710 2508 1768 immo
2559 1705 2857 1776 Columba,

599 1814 731 1853 cum
762 1794 1013 1854 Romam
1061 1792 1216 1855 orbis
1253 1803 1549 1854 tewarwm
1579 1790 1948 1854 molestarum
1979 1798 2119 1874 [non
2152 1792 2461 1877 Europae
2492 1798 2657 1857 sicut
2686 1813 2853 1873 supra

601 1884 684 1940 28
718 1883 804 1961 H]
853 1892 1029 1962 eaput
1073 1884 1339 1943 nominet
1384 1885 1549 1943 salva
1591 1885 1929 1943 reverentia
1973 1906 2115 1962 erga
2160 1887 2362 1944 locum
2398 1883 2851 1946 resurrectionis

597 1971 846 2045 domini,
913 1972 1092 2030 etiam
1153 1973 1454 2031 ecclesiam
1520 1979 1582 2031 et
1641 1971 1840 2030 sedem
1896 1973 2526 2051 Hierosolymitanam
2589 1974 2847 2033 Romano

598 2058 868 2137 pontifici
914 2060 1244 2134 subjectam
1291 2082 1414 2120 esse
1461 2062 1795 2133 confitetur,
1844 2063 2111 2137 quamvis
2138 2064 2467 2123 Romanae
2513 2064 2688 2122 urbis
2730 2062 2842 2138 glo·

594 2148 745 2206 riam
792 2148 958 2206 urbis
1003 2147 1519 2223 Hiersolymorum
1564 2149 1813 2226 gloriam
1857 2170 1974 2209 non
2021 2154 2424 2229 aequiperare
2474 2152 2750 2212 affirmet.

773 2236 908 2296 Non
939 2256 1081 2296 vero
1109 2237 1447 2316 negandum
1482 2243 1588 2310 est,
1628 2237 1730 2296 sed
1759 2238 1958 2315 potius
1982 2240 2295 2299 Warrenio
2330 2244 2420 2319 (p.
2450 2243 2569 2319 38)
2600 2242 2839 2299 libenter

593 2326 1031 2386 concedendum
1095 2324 1442 2385 Golumbam
1511 2327 1575 2384 in
1642 2325 1753 2383 hac
1819 2327 1949 2403 ipsa
2005 2329 2261 2405 epistula
2323 2332 2409 2389 ad
2473 2328 2836 2389 Bonifatium

591 2435 809 2493 papam
840 2414 1020 2472 missa
1058 2413 1463 2472 audacissimis
1491 2433 1664 2472 usum
1694 2433 1821 2473 esse
1849 2416 2073 2475 verbis.
2127 2415 2361 2498 ηυὶφῖα,
2396 2420 2622 2497 inquit,
2654 2432 2832 2497 papa,

593 2499 790 2583 vista,
838 2510 889 2560 et
932 2500 1141 2561 iterum
1186 2500 1318 2561 dico
1360 2498 1559 2582 viyila,
1604 2501 1921 2604 qaiaforte
1948 2525 2066 2563 non
2096 2504 2231 2565 bene
2258 2504 2541 2589 viyilavit
2572 2500 2832 2587 Vt'qt‘liae¹

593 2592 837 2667 (537—
761 2590 1053 2667 -,555)
1066 2609 1236 2670 quem
1282 2599 1459 2672 caput
1503 2587 1771 2649 scandali
1810 2588 1908 2649 isa·
1949 2590 2222 2665 clamant,
2270 2594 2378 2675 φα·
2407 2586 2578 2656 vobis
2606 2590 2830 2673 ouspam

590 2677 856 2770 injiciunt
901 2681 1017 2758 (ep.
1067 2680 1125 2751 4,
1171 2698 1229 2755 p.
1279 2679 1362 2735 29
1411 2679 1534 2755 O).
1614 2698 1821 2758 .papa
1863 2678 2066 2760 nayda,
2112 2690 2341 2766 tempus
2389 2693 2476 2744 est
2523 2684 2599 2743 de
2641 2695 2829 2742 somno

589 2786 826 2848 suryere
872 2771 955 2845 (p.
1007 2768 1089 2825 29
1136 2766 1242 2843 E),
1299 2763 1719 2826 haeretieomn
1762 2785 1918 2826 emm
1958 2770 2232 2850 receptio,
2295 2781 2362 2832 ut
2409 2772 2622 2846 audie,
2683 2765 2827 2829 vobis

588 2861 928 2935 repzoeatur“
981 2858 1065 2933 (p.
1114 2856 1196 2914 30
1236 2855 1336 2931 B).

767 2945 1044 3002 Profecto
1077 2944 1360 3003 audacter
1390 2944 1536 3002 haec
1566 2943 1726 3001 dicta
1755 2951 1911 3017 sunt,
1942 2947 2225 3007 audacter
2255 2969 2365 3025 pro
2399 2947 2817 3032 „procae-eim&

589 3034 932 3106 Columbae,
979 3036 1149 3109 cujus
1193 3033 1323 3109 ipse
1369 3032 1486 3091 sibi
1531 3032 1796 3091 conscius
1840 3041 1971 3093 erat
2015 3037 2131 3113 (ep.
2179 3037 2238 3109 5,
2284 3058 2343 3115 p.
2397 3040 2483 3098 33
2527 3038 2627 3115 B).
2716 3029 2823 3091 Sed

588 3124 735 3202 quid
780 3129 888 3207 est,
936 3142 1041 3181 cur
1084 3122 1283 3182 verbis
1327 3127 1454 3180 tam
1499 3119 1821 3179 audacibus
1864 3142 2006 3181 usus
2050 3124 2168 3182 sit?
2237 3125 2450 3204 Ipsum
2498 3124 2820 3185 audiamus.

591 3210 804 3287 „dolor
833 3210 1007 3282 enim,
1053 3209 1255 3292 inquit,
1295 3227 1390 3268 me
1418 3204 1714 3287 compellit
1741 3207 1899 3270 vobis
1924 3209 2185 3273 indicare
2215 3210 2556 3273 humillima
2583 3220 2647 3272 ἀἱ
2676 3209 2818 3270 decet

585 3299 968 3381 eayyestione,
1031 3298 1190 3381 quod
1244 3316 1455 3357 nomen
1507 3296 1606 3356 dei
1643 3315 1763 3375 per
1805 3319 1906 3359 vos
1949 3296 2388 3379 blasphematur
2430 3302 2585 3364 inter
2624 3305 2816 3381 yentes·

584 3385 782 3449 Doleo
811 3386 982 3457 enim,
1014 3387 1236 3487 fateor,
1282 3385 1356 3445 de
1384 3383 1638 3465 infamia
1666 3383 1972 3446 cathedrae
2002 3382 2128 3448 Soti
2153 3387 2320 3449 Pam·
2363 3393 2450 3468 (p.
2487 3392 2571 3448 28
2605 3388 2771 3463 G).-

584 3474 1004 3537 haereticoram
1048 3473 1201 3534 enim
1244 3473 1509 3555 recept-ie,
1558 3482 1623 3532 ut
1665 3471 1862 3548 audio,
1907 3474 2066 3536 vobis
2108 3484 2453 3557 repzaeatur“
2495 3482 2578 3556 (p.
2614 3477 2693 3536 30
2722 3472 2810 3546 Β).

584 3567 754 3626 Haec
799 3571 931 3624 erat
976 3583 1169 3623 causa.
1246 3564 1331 3622 Et
1377 3582 1494 3639 quo
1542 3568 1815 3641 spectant
1857 3565 1963 3623 illa
1992 3567 2217 3625 verba?
2300 3563 2575 3641 „Idcirco
2594 3576 2806 3648 precor,

582 3655 797 3731 inquit,
843 3650 1129 3713 subvenite
1157 3650 1371 3732 famae
1413 3660 1653 3722 vestrae,
1698 3670 1848 3731 quae
1891 3651 2181 3713 laceratur
2222 3654 2373 3716 inter
2413 3664 2664 3736 yantas.
2691 3692 2706 3707 ·
2746 3650 2806 3704 wi

583 3740 798 3803 honore
840 3739 1158 3821 apostolico
1201 3760 1321 3801 non
1366 3759 1598 3809 careas,
1643 3758 1916 3799 conserva
1937 3740 2132 3823 fidem
2176 3741 2560 3822 apostolicam
2604 3744 2680 3819 (p.
2726 3734 2836 3793 30

585 3934 824 3990 credunt
859 3949 1204 3986 summorum
1230 3929 1566 3999 pontificum
1594 3928 1902 3983 decretalia
1928 3931 2243 3986 doctrinam
2270 3935 2644 4002 apostolorum
2671 3938 2794 3986 esse,

583 4007 853 4061 traditam
901 4004 972 4057 ab
1019 4004 1134 4057 illis
1172 4001 1596 4057 successoribus
1632 4000 1761 4053 suis.
1839 4000 2038 4070 Neque
2075 4004 2243 4058 aliter
2278 4022 2382 4073 pro
2421 4022 2522 4059 suo
2558 4008 2794 4067 tempore

585 4076 992 4216 Gelumijssaque
1039 4143 1374 4209 Columba,
1380 4142 1462 4209 ,de
1509 4140 1713 4196 summi
1750 4142 2028 4210 pontificis
2074 4144 2465 4212 infallibilitate
2499 4135 2796 4217 personali“

583 4219 738 4273 idem
770 4218 1051 4288 judicium
1088 4216 1240 4279 fecit,
1282 4215 1434 4284 quod
1472 4228 1619 4267 anno
1657 4210 1797 4265 1870
1836 4213 2288 4283 archiepiscopus
2323 4215 2634 4285 Pragensis.
2695 4205 2791 4263 ffi-

584 4291 824 4344 randum
863 4292 1026 4355 esset,
1065 4286 1113 4341 si
1149 4287 1319 4341 aliter
1355 4302 1445 4340 res
1483 4300 1607 4338 sese
1644 4282 1895 4339 haberet.
