3025 4909
1476 216 1958 273 -118—

567 395 855 467 ⁴fuissent,
898 396 1050 453 haec
1097 399 1227 453 tota
1272 413 1367 453 res
1414 393 1721 451 commoda
1768 411 1886 450 non
1925 398 2078 453 erat.
2171 393 2325 453 Nam
2370 413 2503 451 omn
2554 393 2678 451 illi
2740 393 2938 470 epis·

579 485 722 563 ‘c'opi
777 489 904 542 tum
959 484 1075 542 huc
1119 489 1250 542 tum
1294 483 1436 541 illuc
1482 481 1884 560 pervenirent,
1926 481 2062 539 fieri
2106 483 2332 558 potuit,
2394 488 2467 541 ut
2509 482 2715 540 idem
2748 501 2935 540 -mo·

586 573 911 631 nestorium
971 573 1146 631 modo
1203 572 1298 630 vel
1354 571 1628 648 pluribus
1672 575 1898 629 tectum
1943 572 2282 646 praeberet,
2343 571 2521 629 modo
2572 570 2965 630 omnibus

585 660 884 739 protectis,
900 661 1093 738 ipsum
1124 660 1442 737 parochiae
1473 659 1816 736 episcopum
1846 659 1921 717 ad
1953 659 2293 736 peragenda
2317 680 2485 719 sacra
2509 658 2929 719 ministeria
2964 683 2965 732 3

567 750 844 809 invitare
901 756 1170 808 eoactum
1225 754 1381 808 esset
1426 749 1768 824 (Harttung
1814 769 1871 826 p.
1921 748 2049 823 43).
2143 748 2333 806 Plane
2376 768 2519 807 vero
2572 768 2729 806 non
2795 767 2925 825 po-

465 847 482 860 ‘
569 846 785 897 'terant
846 838 993 897 ferri
1052 838 1142 896 illi
1201 836 1496 915 episcopi,
1569 837 1927 913 simulatque
1992 865 2067 882 *-
2134 837 2294 913 quod
2350 837 2414 894 in
2460 838 2922 914 perturbata

584 928 831 986 ecclesia
889 925 1197 985 Gallorum
1257 925 1537 985 facillime
1594 925 1723 984 fieri
1784 925 1984 1003 potuit
2053 957 2130 970 --
2194 932 2371 984 extra
2424 926 2761 984 terminos
2846 924 2919 983 in
2964 981 2965 984 ,

569 1017 915 1094 ..privilegiis
973 1015 1093 1073 illis
1153 1015 1507 1075 constitutos
1564 1016 1786 1090 egressi
1842 1014 2169 1091 episcopali
2214 1034 2320 1074 sua
2368 1013 2692 1090 dignitate
2753 1019 2915 1073 ute·
2964 1021 2965 1024 ’

586 1107 844 1164 bantur.'
915 1102 1285 1176 Accedebat,
1335 1103 1494 1181 quod
1540 1104 1697 1161 varii
1741 1095 1979 1180 generis
2020 1102 2289 1161 homines
2333 1103 2502 1181 vagi,
2549 1103 2768 1162 liberi
2831 1108 2907 1161 et

585 1193 768 1265 servi,
823 1193 1126 1252 vernaculi
1173 1199 1235 1251 et
1277 1191 1607 1270 peregrini,
1662 1198 1734 1251 ut
1777 1193 1942 1250 nullo
1989 1192 2231 1268 negotio
2279 1191 2358 1249 ad
2401 1192 2674 1262 honores
2728 1212 2900 1268 per·

584 1281 877 1355 venirent,
909 1281 1322 1359 episcoporum
1353 1280 1864 1385 peregrinantium
1895 1280 2151 1358 speciem
2173 1281 2508 1339 induebant
2532 1281 2639 1356 (ef.
2664 1280 2893 1338 Hart-

585 1378 737 1448 ωε
781 1392 841 1449 P·
889 1370 1024 1446 52)

764 1460 932 1517 Haec
962 1459 1160 1517 omnia
1184 1459 1313 1536 ipse
1338 1458 1630 1518 Columba
1654 1458 1705 1517 si
1728 1465 1857 1518 tum
1881 1458 2106 1530 fuisset,
2138 1456 2663 1517 vehementissime
2688 1456 2885 1515 vitu-

584 1554 864 1625 perasset.
936 1547 1163 1606 Tamen
1194 1553 1258 1605 et
1288 1547 1415 1625 ipse
1445 1554 1509 1606 et
1541 1567 1743 1605 omnes
1767 1547 1935 1606 Secti
1963 1546 2431 1624 peregrinantes,
2462 1545 2578 1623 ipsi
2612 1565 2883 1604 summa

583 1636 758 1695 laude
788 1636 973 1711 digni,
1019 1636 1283 1695 insontes
1314 1656 1435 1695 non
1465 1642 1624 1707 sunt,
1671 1636 1893 1714 quippe
1923 1637 2027 1712 qui
2057 1656 2260 1695 omnes
2290 1635 2565 1694 monachi
2595 1634 2874 1706 fuerint,

587 1725 802 1801 quibus
857 1724 921 1781 in
981 1723 1113 1801 ipsa
1173 1725 1655 1802 peregrinatione
1709 1724 2134 1802 peregrinandi
2178 1726 2315 1783 finis
2360 1724 2597 1802 positus
2642 1723 2871 1782 fuerit.

587 1814 745 1873 Num
790 1813 1003 1872 mirum
1052 1819 1160 1885 est,
1209 1814 1370 1890 quod
1413 1813 1627 1873 talium
1677 1814 1863 1890 magis
1893 1814 2189 1872 intererat
2210 1813 2620 1871 monachicam
2654 1811 2867 1871 vitam
2964 1843 2965 1852 κ

583 1904 647 1960 in
692 1901 874 1961 laicos
919 1922 1271 1980 propagare,
1319 1922 1498 1978 quam
1544 1922 1781 1961 servare
1826 1902 2203 1981 disciplinam
2236 1900 2751 1964 ecclesiasticam?

761 1991 977 2067 Itaque
1026 1990 1236 2067 negari
1281 2011 1401 2049 non
1446 1996 1649 2068 potest
1688 1990 2078 2063 Bonifatium,
2126 1990 2218 2049 cui
2258 2009 2401 2049 oum
2448 1989 2857 2067 peregrinan-

583 2079 748 2137 tibus
795 2079 1088 2155 episcopis
1130 2085 1193 2136 et
1222 2080 1588 2156 presbyteris
1616 2098 1851 2157 pugnas
1881 2080 2062 2139 fuisse
2094 2085 2350 2151 constat,
2398 2079 2852 2155 quodammodo

581 2167 887 2226 obstitisse
933 2166 1248 2244 Scotorum
1307 2168 1370 2225 in
1433 2167 1762 2227 continenti
1821 2169 2186 2227 auctoritati.
2279 2168 2423 2241 Qua
2458 2168 2523 2224 in
2568 2187 2634 2224 re
2682 2167 2847 2226 vitu-

582 2256 911 2334 perandus
927 2261 1099 2328 esset,
1145 2257 1219 2314 si
1242 2256 1306 2313 in
1352 2276 1554 2315 omnes
1598 2256 1927 2333 promiscue
1969 2257 2212 2316 clericos
2244 2261 2537 2333 vagantes
2567 2255 2848 2332 graviter

583 2345 1006 2415 consuluisset}
1046 2346 1151 2403 sed
1197 2344 1355 2420 quod
1403 2345 1739 2404 ministeria
1782 2345 2182 2406 ecclesiastica
2226 2366 2264 2405 a
2307 2344 2839 2423 peregrinantibus

583 2433 794 2511 peragi
848 2433 1069 2505 noluit,
1131 2433 1249 2492 nisi
1294 2435 1371 2492 ab
1417 2433 1521 2505 iis,
1584 2434 1688 2510 qui
1731 2435 1827 2493 vel
1872 2454 1910 2492 a
1950 2434 2229 2511 synodali
2273 2440 2570 2493 conventu
2613 2433 2706 2492 vel
2753 2434 2833 2491 ab

583 2521 864 2598 episcopo
916 2476 1174 2596 quodam
1230 2521 1399 2598 digni
1443 2529 1641 2581 essent
1683 2522 1939 2595 inventi,
1994 2524 2100 2599 qui
2145 2535 2388 2581 munere
2418 2521 2829 2581 ecclesiastico

582 2611 986 2686 fungerentur,
1035 2609 1169 2685 quis
1214 2617 1322 2683 est,
1370 2610 1476 2688 qui
1523 2610 1755 2669 crimini
1801 2611 1905 2669 det
1929 2610 2240 2672 Bonifatio
2256 2612 2287 2669 ’ἓ
2356 2609 2465 2670 An
2507 2618 2637 2670 erat
2664 2610 2827 2668 aliud

581 2698 909 2757 remedium
953 2698 1071 2757 nisi
1116 2698 1229 2756 hoc
1272 2718 1484 2772 unum,
1538 2703 1609 2758 ut
1654 2699 1876 2776 sing-uli
1921 2700 2406 2773 aestimarentur,
2463 2705 2527 2759 et
2567 2719 2674 2777 pro
2714 2718 2823 2758 sua

571 2788 837 2864 quisque
897 2787 1197 2863 dignitate
1256 2793 1363 2846 aut
1422 2787 1783 2865 indignitate
1840 2793 1951 2847 aut
2010 2789 2501 2867 comprobaretur
2540 2795 2644 2847 aut
2688 2807 2817 2846 con-

575 2874 1008 2934 demnaretur?
1079 2874 1283 2935 Certo
1342 2879 1465 2935 non
1524 2882 1673 2935 erat.
1764 2877 1918 2937 Nam
1981 2893 2114 2935 eum·
2175 2877 2490 2943 Scotorum
2545 2876 2815 2942 ,ecclesiae

571 2982 776 3021 mores
825 2969 886 3021 et
932 2963 1211 3023 credendi
1255 2964 1615 3039 vivendique
1660 2964 1817 3023 ratio
1857 2987 1896 3024 a
1923 2965 2331 3025 Romanorum
2361 2966 2481 3024 nisi
2502 2964 2811 3026 ¹levioribus

578 3051 817 3112 diversa
875 3072 996 3109 non
1053 3057 1278 3124 essent,
1339 3051 1503 3111 Scoti
1563 3071 1675 3131 pro
1734 3055 1855 3114 suis
1918 3044 2168 3133 quisque
2228 3054 2494 3114 moribus
2522 3054 2807 3131 fprodesse

578 3146 912 3217 potuerunt
936 3139 1247 3200 Bonifatio
1289 3140 1357 3198 in
1399 3142 1800 3219 praedicando
1847 3145 2156 3220 evangelio
2204 3143 2535 3202 elaboranti
2577 3149 2675 3202 aut
2711 3144 2807 3201 ob-

579 3249 724 3289 esse.
811 3223 984 3306 Ergo
1025 3231 1236 3306 quales
1282 3235 1481 3288 essent
1526 3231 1766 3308 singuli,
1810 3232 2216 3308 quaerendum
2260 3239 2411 3291 erat.
2519 3233 2525 3240 '

758 3318 895 3376 Hac
955 3319 1160 3377 eadem
1215 3317 1449 3378 ratione
1505 3318 1686 3378 etiam
1737 3320 1927 3414 magis
1981 3341 2129 3397 opus
2176 3326 2306 3380 ent
2346 3321 2415 3378 in
2456 3319 2801 3392 Britonibus,

577 3403 643 3462 in
689 3423 839 3480 quos
885 3405 1041 3463 idem
1087 3405 1459 3478 Bonifatius,
1507 3408 1625 3466 nisi
1654 3408 1803 3485 ipse
1840 3409 2004 3486 papa
2049 3409 2444 3468 recentiorum
2488 3428 2640 3467 more
2677 3406 2796 3465 Bri-

570 3499 751 3553 ·tones
797 3492 1110 3554 nominans
1155 3493 1368 3554 Scotos
1411 3494 1680 3574 intellegi
1724 3496 1944 3570 voluit,
1991 3498 2056 3557 in
2087 3497 2410 3558 Germania
2454 3495 2657 3556 incidit
2688 3498 2795 3573 (ep.

579 3582 779 3641 Bonis.
828 3583 909 3641 37
957 3582 1138 3657 Jaffe,
1194 3583 1358 3641 Bibl.
1399 3603 1513 3642 rer.
1564 3583 1766 3643 Germ.
1813 3585 1935 3658 III,
1982 3608 2041 3663 p.
2096 3587 2265 3663 103).
2338 3586 2495 3648 Nam
2540 3585 2640 3644 etsi
2674 3584 2792 3643 Bri-

579 3673 785 3729 tonum
847 3672 1092 3730 ecclesia
1153 3693 1189 3729 a
1233 3671 1508 3731 Romana
1568 3674 1763 3732 minus
1823 3674 2214 3734 dissentiebat
2278 3694 2467 3750 quam·
2502 3672 2791 3747 Scotorum,

580 3764 809 3832 tamen,
845 3760 999 3837 quia
1043 3760 1302 3819 Romani
1347 3779 1468 3819 una
1513 3781 1647 3820 eum
1697 3761 1916 3839 Anglis
1961 3761 2110 3821 adeo
2156 3763 2219 3821 i‘n
2264 3763 2581 3822 Britonum
2620 3762 2788 3821 odium

567 3847 914 3920 subierant,
971 3854 1043 3907 ut
1087 3849 1372 3908 Britones
1433 3869 1552 3908 non
1606 3852 1797 3909 solum
1853 3870 1988 3909 cum
2032 3849 2255 3928 Anglis
2311 3852 2415 3910 sed
2469 3851 2636 3912 etiam
2672 3870 2783 3910 cum

571 3935 895 4007 Romanis,
953 3957 1031 3996 ne
1084 3938 1277 3997 dicam
1333 3957 1465 3996 cum
1521 3939 1796 3998 omnibus
1850 3939 2195 4018 christianis*
2232 3959 2476 4000 romano
2491 3974 2510 3986 ·
2526 3939 2782 3998 catholicis

575 4023 994 4083 commercium
1053 4025 1271 4084 habere
1331 4026 1563 4086 nollent
1581 4026 1624 4099 ¹,
1685 4027 1966 4090 Britones
2027 4029 2090 4087 in
2136 4028 2466 4087 Germania
2526 4033 2780 4088 manantes

638 4220 648 4232 .
725 4235 744 4266 ²
785 4233 857 4288 In
881 4233 1189 4304 Bajuvaria
1215 4234 1447 4289 ineunte
1486 4233 1712 4302 saeculo
1740 4239 1942 4290 octavo
1970 4235 2359 4300 corbinianus,
2402 4251 2529 4290 cum
2552 4236 2773 4290 leviorem

573 4305 653 4359 ob
701 4321 928 4360 eausam
975 4305 1163 4359 eidem
1198 4321 1451 4368 mensae,
1503 4307 1596 4360 cui
1633 4305 1996 4362 Grimoaldus
2037 4308 2152 4361 dux
2189 4306 2530 4373 accubabat,
2576 4306 2772 4362 assidere
