3025 4909
8 3893 27 4032 ⁴*ss

1441 158 1879 227 ...482

537 349 893 412 Hiberniam
941 349 1190 424 venerit,
1237 370 1437 423 necne,
1483 369 1624 408 nam
1671 368 1803 408 cum
1848 370 1968 408 uno
2015 351 2143 408 loco
2190 349 2366 426 (conf.
2414 372 2472 429 p.
2516 347 2806 425 306)ex

537 440 856 499 Britannia
901 440 1178 499 videatur
1224 459 1348 499 esse
1395 440 1719 540 profectus,
1784 439 1901 497 alio
1948 440 2075 498 loco
2123 438 2361 498 videtur
2409 460 2485 497 ex
2536 438 2669 497 alia
2717 458 2799 495 re-

537 531 714 606 gione
759 530 847 588 ita
893 529 1248 600 Hiberniam
1296 528 1680 605 quaesivisse,
1727 533 1796 590 ut
1842 528 2148 587 omitteret
2192 528 2583 587 Britanniam
2635 526 2804 586 adire

539 624 600 677 et
644 618 847 677 videre
894 625 1171 697 parentes
1219 620 1337 696 (ep.
1366 639 1424 695 p.
1459 617 1633 694 317).

717 706 883 781 Quae
932 728 1063 767 eum
1110 709 1197 766 ita
1244 707 1380 780 sint,
1428 707 1710 765 audacius
1755 706 1900 765 mihi
1931 706 2173 766 videtur
2218 726 2563 766 asseverare
2595 705 2805 764 Patri·

541 797 695 856 cium
741 797 994 857 testibus
1040 797 1229 875 ipsius
1276 795 1517 873 scriptis
1562 796 1728 854 nullo
1775 795 1890 855 nisi
1936 795 2067 873 ipso
2114 795 2225 854 deo
2274 802 2518 854 auctore
2572 795 2641 853 in
2695 794 2808 852 Hi·

538 885 809 944 berniam
871 887 1228 965 pervenisse.
1332 885 1487 945 Nam
1555 884 1627 956 ii,
1700 885 1804 960 qui
1863 891 2145 961 premunt
2202 885 2535 943 Patricium
2605 903 2810 959 neque

541 974 827 1034 Germani
871 995 1062 1051 neque
1109 973 1431 1034 Coelestini
1477 994 1668 1050 neque
1713 973 2120 1032 Romanorum
2167 994 2358 1051 neque
2404 974 2596 1031 ullius
2645 973 2813 1031 alius

540 1085 601 1123 se
662 1063 855 1139 ipsum
915 1063 1210 1124 mittentis
1279 1063 1639 1121 mentionem
1708 1062 1941 1136 fecisse,
2010 1084 2084 1121 ne
2155 1064 2478 1139 neglegant
2551 1081 2812 1138 quaese,

540 1153 700 1228 quod
746 1152 983 1211 omnino
1030 1153 1093 1211 in
1140 1152 1503 1211 confessione
1537 1157 1598 1210 et
1630 1152 1887 1229 epistula
1933 1153 2196 1230 exceptis
2241 1153 2506 1231 ipsorum
2537 1150 2818 1209 Patricii

541 1248 604 1301 et
666 1240 932 1301 Corotiei
993 1247 1173 1318 atque
1236 1247 1551 1319 parentum
1612 1241 1861 1299 Patricii
1921 1242 2261 1300 nominibus
2320 1242 2551 1298 nullum
2617 1240 2819 1298 ullius

540 1330 793 1390 hominis
848 1351 1060 1389 nomen
1118 1330 1446 1403 invenitur,
1515 1330 1694 1388 immo
1752 1329 2053 1389 Patricius
2110 1331 2312 1389 dedita
2368 1351 2551 1407 opera
2614 1330 2818 1389 etiam

543 1440 745 1478 eorum
791 1420 1121 1491 hominum,
1186 1421 1260 1477 de
1308 1419 1524 1496 quibus
1570 1420 1801 1479 locutus
1848 1426 1939 1478 est
1949 1465 1963 1493 ,
2024 1420 2264 1478 nomina
2320 1420 2593 1479 retinuit.
2699 1418 2818 1475 An

543 1508 676 1585 quis
725 1515 816 1567 est
860 1509 986 1581 ille,
1045 1508 1147 1583 qui
1192 1507 1315 1588 ipse
1361 1526 1459 1567 ore
1503 1527 1609 1567 suo
1655 1506 1916 1568 dixerat.-
1983 1527 2104 1568 ecce
2148 1518 2213 1568 tu
2243 1507 2699 1589 promovendus
2751 1527 2818 1565 es

544 1596 628 1656 ad
667 1596 928 1678 yradum
974 1591 1372 1677 episcopatus?
1432 1597 1652 1656 Utrum
1698 1598 1881 1671 idem,
1930 1615 2106 1674 quem
2151 1597 2571 1657 amicissimum
2622 1616 2815 1654 suum

542 1686 841 1745 Patricius
895 1687 1225 1764 appellavit
1277 1707 1355 1745 an
1409 1686 1600 1744 alius?
1657 1687 1834 1763 (conf.
1867 1709 1923 1765 p.
1962 1687 2133 1763 305).
2223 1686 2620 1748 Nihilosecius
2684 1686 2813 1757 ille,

545 1775 649 1851 qui
680 1775 914 1834 dixerat
943 1775 1271 1834 Patricium
1301 1775 1767 1852 promovendum
1800 1795 1924 1835 esse
1972 1777 2046 1835 ad
2095 1777 2344 1852 gradum
2392 1776 2811 1853 episcopatus,

545 1865 881 1923 testimonio
929 1871 1021 1924 est
1064 1864 1394 1924 Patricium
1439 1864 1900 1941 haudquaquam
1948 1865 2220 1924 omnibus
2266 1864 2540 1924 humanis
2588 1869 2806 1922 aucto-

546 1954 710 2012 ribus
758 1955 1007 2013 exclusis
1054 1954 1117 2011 in
1162 1953 1518 2013 Hiberniam
1564 1954 1920 2030 pervenisse.
1984 1953 2102 2013 Sed
2148 1954 2413 2013 desinam
2460 1953 2806 2029 exprimere

547 2043 890 2101 obscuriora
932 2043 1036 2100 illa
1081 2043 1265 2101 verba
1311 2044 1404 2102 vel
1453 2042 1669 2100 similia
1715 2043 1915 2120 plura,
1972 2044 2151 2101 immo
2197 2043 2391 2101 missis
2438 2042 2804 2118 ambagibus

548 2131 865 2208 proferam,
914 2131 1058 2207 quid
1105 2132 1374 2190 sentiam.
1435 2131 1793 2189 Persuasum
1841 2132 1994 2190 enim
2042 2132 2189 2190 mihi
2236 2138 2325 2190 est
2354 2131 2610 2190 Patricii
2655 2151 2802 2189 con-

546 2220 859 2279 fessionem
919 2227 980 2280 et
1042 2221 1359 2298 epistulam
1428 2240 1548 2278 non
1616 2221 1804 2279 solum
1875 2242 1991 2280 non
2063 2242 2397 2298 repugnare
2466 2220 2567 2293 iis,
2641 2240 2802 2295 quae

547 2315 798 2369 exeunte
845 2311 1078 2368 saeculo
1125 2310 1377 2387 septimo
1423 2309 1496 2367 de
1537 2309 1791 2369 Patricii
1835 2309 2151 2369 itineribus
2197 2331 2305 2388 per
2336 2308 2565 2368 Gallias
2613 2314 2802 2385 atque

544 2398 787 2457 Italiam
835 2396 999 2457 Scoti
1045 2399 1395 2470 narrabant,
1464 2398 1568 2456 sed
1616 2399 1796 2458 etiam
1842 2420 2000 2471 cum,
2073 2400 2275 2477 quales
2332 2419 2489 2457 nunc
2536 2402 2801 2468 exstant,

547 2493 691 2559 tam,
742 2488 947 2563 quales
994 2487 1134 2545 olim
1164 2487 1347 2547 fuisse
1379 2486 1677 2560 videntur,
1724 2488 1886 2546 illam
1932 2488 2124 2566 ipsam
2171 2488 2573 2546 narrationem
2621 2507 2802 2563 posse

546 2577 642 2635 vel
688 2576 956 2653 potuisse
1003 2576 1366 2635 confirmare.
1458 2574 1840 2653 Argumenta
1894 2582 2116 2650 autem,
2180 2577 2396 2653 quibus
2455 2575 2598 2634 mihi
2661 2595 2801 2651 per-

545 2684 783 2724 suasum
831 2671 949 2738 est,
997 2671 1135 2725 sunt
1180 2663 1417 2723 haecce:

727 2754 1080 2832 Dispersum
1126 2775 1186 2813 se
1233 2774 1359 2813 esse
1404 2761 1613 2814 narrat
1642 2753 1941 2813 Patricius
1987 2775 2095 2832 per
2125 2761 2331 2831 gentes
2363 2755 2583 2812 multas
2615 2755 2799 2829 (conf.

547 2864 606 2921 p.
643 2842 821 2920 297),
883 2843 987 2902 sed
1033 2863 1325 2919 quaenam
1371 2843 1596 2903 fuerint
1640 2843 1778 2901 illae
1824 2849 2033 2920 gentes
2079 2864 2198 2902 non
2247 2844 2410 2903 dicit.
2502 2842 2800 2904 Attamen

549 2931 718 3007 quasi
762 2933 1131 3009 praeteriens
1186 2952 1306 2991 non
1365 2933 1555 2990 solum
1602 2933 1674 2989 de
1722 2931 2033 2992 Britannis
2089 2938 2149 2991 et
2205 2932 2399 2992 Sectis
2437 2932 2560 2990 ⁴sed
2615 2932 2798 2989 etiam

550 3021 621 3078 de
655 3018 848 3080 Gallis
889 3029 950 3080 et
979 3021 1267 3079 Romanis
1313 3020 1670 3079 mentionem
1718 3022 1875 3080 fecit.
1967 3022 2184 3099 Itaque
2231 3043 2364 3080 cum
2410 3021 2570 3079 dicat
2617 3021 2798 3096 (conf.

547 3131 603 3186 p.
641 3110 795 3188 309)
842 3115 1050 3188 optare
1098 3130 1249 3182 sese,
1319 3116 1390 3167 ut
1442 3110 1643 3168 liceat
1675 3111 1791 3168 sibi
1844 3109 1930 3169 ire
1979 3130 2099 3169 non
2152 3106 2341 3170 solum
2394 3109 2478 3169 ad
2524 3107 2798 3189 patriam

547 3197 650 3257 sed
695 3197 871 3259 etiam
923 3218 1102 3281 usque
1157 3198 1240 3258 ad
1288 3193 1551 3259 Galliam
1596 3206 1646 3257 et
1690 3197 1925 3259 visitare
1977 3197 2206 3280 fratres
2259 3218 2420 3270 suaa,
2486 3206 2551 3257 ut
2604 3196 2800 3256 videat

533 3285 760 3367 faciem
803 3295 1139 3347 sanctorum
1170 3283 1424 3346 Domini
1464 3286 1572 3357 sui,
1622 3294 1683 3345 et
1730 3308 1861 3345 cum
1908 3288 2111 3346 laudet
2142 3290 2257 3365 (ep.
2294 3290 2348 3360 7,
2381 3309 2439 3364 p.
2476 3287 2631 3364 317)
2662 3306 2793 3345 con-

549 3372 908 3435 suetudimm
953 3373 1372 3435 Romanorum
1419 3370 1839 3457 Gallorumque
1887 3373 2376 3447 Christianorum,
2421 3374 2526 3457 qai
2566 3374 2798 3434 mittant

546 3462 907 3546 presbyteros
961 3474 1187 3524 sanctos
1243 3462 1480 3524 idoneos
1542 3464 1626 3524 ad
1688 3461 1957 3526 Francos
2020 3474 2072 3525 et
2130 3475 2354 3525 exteras
2411 3472 2605 3544 yentes
2664 3483 2796 3523 cum

549 3561 630 3612 tot
686 3550 921 3613 milibus
988 3550 1312 3613 solidorum
1386 3552 1470 3613 ad
1533 3552 1903 3614 redimendos
1972 3552 2225 3635 captivos
2296 3552 2647 3634 baptizatae,
2712 3587 2793 3597 -

551 3648 803 3719 apparet
848 3663 1059 3702 revera
1105 3641 1415 3701 Gallorum
1460 3649 1698 3718 gentem
1744 3663 1923 3701 unam
1971 3665 2093 3703 esse
2141 3664 2213 3701 ex
2273 3643 2373 3715 iis,
2434 3643 2499 3699 in
2545 3662 2794 3719 quarum

548 3731 822 3807 regiones
854 3731 1187 3808 dispersum
1233 3751 1295 3790 se
1341 3751 1469 3790 esse
1517 3738 1725 3789 auctor
1770 3732 2037 3790 tradidit.
2102 3732 2260 3805 Quin
2292 3732 2471 3790 etiam
2504 3731 2795 3808 expressis

549 3820 748 3880 verbis
778 3820 1080 3879 Patricius
1126 3821 1189 3878 in
1235 3820 1600 3879 confessione
1632 3819 1868 3879 videtur
1914 3820 2272 3900 mentionem
2316 3822 2525 3879 fecisse
2571 3820 2645 3878 de
2693 3840 2796 3878 sua

550 3909 613 3966 in
660 3908 855 3968 Gallis
902 3910 1387 3982 commoratione,
1458 3909 1561 3967 sed
1608 3915 1732 3968 tam
1777 3911 2062 3987 perplexa
2108 3916 2250 3969 sunt
2294 3911 2503 3984 verba,
2574 3916 2643 3969 ut
2688 3928 2795 3987 pro

552 4004 715 4056 certo
761 3998 848 4056 nil
896 3996 1178 4056 affirmari
1232 3998 1438 4098 possit.
1532 3997 1631 4056 An
1689 4004 1861 4074 potes
1918 3997 2269 4057 Germanice
2326 4004 2558 4058 vertere
2614 4000 2796 4057 verba

552 4085 790 4145 haecce.
855 4093 1120 4167 oportet.
1202 4130 1215 4143 .
1257 4084 1377 4145 sine
1421 4084 1626 4147 timore
1649 4084 2016 4176 fiducialiter
2060 4085 2158 4147 dei
2197 4106 2406 4145 nomen
2450 4086 2657 4168 ubique
2702 4107 2795 4147 ex·

544 4174 839 4253 pandere,
909 4184 973 4235 ut
1029 4173 1204 4235 etiam
1261 4184 1397 4254 post
1452 4171 1668 4235 obitum
1720 4194 1915 4235 meum
1970 4194 2041 4235 ew
2096 4195 2135 4232 a
2193 4169 2422 4235 Gallia-3
2476 4173 2800 4256 relinquere.

537 4261 836 4345 fratribus
867 4274 917 4325 et
941 4261 1094 4348 filiis
1125 4263 1286 4334 mei-3,
1319 4284 1462 4346 quos
1486 4263 1546 4322 in
1569 4260 1832 4325 Domino
1864 4284 1967 4347 690
1997 4262 2293 4343 baptizavi
2313 4266 2491 4340 (conf.
2515 4287 2573 4341 p.
2605 4265 2799 4341 300)?
