3025 4909
1133 232 1578 292 ,1,33...

254 413 340 471 6.
373 412 521 473 Vita
570 413 739 491 Golg.
786 414 891 473 III

254 504 341 560 7.
373 501 523 562 Vita
539 502 706 579 Colg.
727 503 804 577 V,
830 504 1091 582 ascripta
1145 508 1283 580 post
1313 522 1533 560 annum
1565 501 1731 562 1000
1759 502 2119 580 compositae
2143 502 2366 580 (Skene
2389 496 2477 577 II,

371 591 573 649 Probo
606 593 837 659 cuidam
1147 613 1203 669 p.
1225 591 1350 649 449
1370 597 1490 650 not.
1512 592 1621 668 39)
1648 590 1749 649 sed
1766 592 1813 651 J
1815 591 2026 650 ocelini
2050 593 2175 653 vita
2192 593 2375 668 (infra
2396 594 2478 668 9),

254 677 341 739 8.
375 678 521 739 Vita
554 680 719 758 Oolg.
752 681 896 755 VII,
944 701 1092 759 opus
1147 686 1219 739 ut
1263 680 1501 756 quidem
1550 678 1805 740 Skenius
1846 681 2095 757 judicat,
2143 682 2389 760 priores.

374 769 744 845 tripartitum

267 858 342 914 9.
377 856 524 918 Vita
556 858 721 936 Oolg.
756 859 869 931 VI,
917 880 953 918 a
981 858 1028 917 J
1029 858 1256 918 0001100
1300 877 1452 917 anno
1490 858 1661 916 1185
1695 858 2048 937 conscripta,
2082 894 2165 904 —-
2197 857 2339 919 Act.
2372 858 2478 919 88.

372 946 526 1005 ΒοΠ.
571 947 747 1007 Mart.
800 949 877 1005 17
927 969 983 1025 p.
1035 947 1161 1006 540
1210 968 1340 1024 sqq.

203 1036 343 1093 10.
379 1035 526 1095 Vita
558 1035 822 1114 Golgano
869 1057 988 1095 non
1028 1039 1153 1112 jam
1200 1035 1438 1113 cognita
1468 1036 1797 1095 Hibernico
1830 1056 2097 1096 sermone
2129 1038 2480 1115 conscripta,

370 1124 417 1183 J
419 1125 629 1183 ocelini
676 1125 1044 1204 temporibus
1084 1126 1301 1202 junior,
1351 1145 1501 1202 quae
1551 1132 1747 1185 exstat
1790 1126 1853 1184 in
1899 1126 2096 1184 codice
2146 1127 2482 1185 academiae

373 1213 573 1290 regiae
596 1215 1002 1288 Dublinensis‚
1035 1215 1139 1291 (101
1169 1214 1390 1274 dicitur
1411 1214 1613 1273 Lebar
1635 1214 1837 1288 Brecc,
1870 1221 2123 1274 exeunte
2146 1236 2295 1274 saec.
2319 1215 2481 1275 XIV

372 1302 680 1380 (Warren)
736 1305 831 1364 vel
894 1305 1126 1363 saeculo
1182 1303 1309 1365 XV
1354 1302 1621 1380 (Stokes)
1679 1310 1946 1377 exaratO,
2008 1304 2265 1381 primum
2295 1306 2481 1382 ,typis

373 1411 652 1469 expressa
698 1393 762 1451 in
804 1394 978 1466 libro,
1026 1394 1130 1470 qui
1159 1392 1532 1452 inscribitur:
1586 1388 1771 1452 Three
1800 1389 2024 1452 middle
2051 1390 2196 1452 irislz
2224 1390 2483 1452 homilies

373 1499 451 1539 on
506 1477 597 1541 the
651 1480 787 1541 lives
841 1479 916 1564 of
949 1479 1150 1541 Sairtts
1196 1478 1437 1541 Patriclc
1448 1525 1466 1553 ‚
1512 1479 1724 1563 Briyit
1766 1481 1890 1542 and
1939 1477 2227 1541 Columba
2272 1480 2360 1542 ed.
2409 1480 2483 1561 by

390 1564 646 1650 Whitley
691 1568 892 1631 Stokes
937 1572 1074 1652 (one
1118 1568 1393 1631 hunderd
1435 1569 1624 1653 copies
1661 1567 1953 1653 privately
1985 1569 2278 1650 printed).
2350 1565 2480 1631 Cal-

374 1665 531 1717 cutta
577 1662 687 1718 187
692 1662 727 1717 7
738 1660 779 1721 1.

419 1747 517 1806 Ex
560 1748 654 1807 his
698 1750 841 1809 vitis
887 1770 1115 1823 omnes,
1179 1770 1326 1827 quas
1384 1749 1666 1823 secundO,
1727 1755 1939 1824 quarto
1995 1755 2056 1807 et
2101 1749 2484 1824 sequentibus

218 1835 389 1896 locis
436 1839 926 1911 enumeravimus,
973 1840 1248 1898 nituntur
1290 1839 1381 1911 iis,
1428 1858 1582 1914 quae
1627 1838 1690 1896 in
1735 1838 1891 1897 libro
1922 1837 2342 1896 Ardmachano
2385 1858 2481 1896 ex-

220 1931 425 1988 stant.
520 1926 737 2003 Itaque
797 1929 1086 2005 neglectis
1143 1927 1257 1986 illis
1316 1927 1409 1985 his
1469 1926 1913 2005 perscrutandis
1967 1946 2208 2004 operam
2263 1927 2483 1985 demus.

220 2014 338 2073 Ac
393 2016 652 2094 primum
706 2017 945 2093 quidem
999 2051 1073 2059 —
1126 2022 1415 2094 quantum
1467 2016 1599 2075 fieri
1651 2021 1854 2095 potest
1900 2050 1981 2060 —
2030 2016 2263 2093 singula
2317 2015 2485 2075 testi-

224 2105 443 2163 monia
487 2105 919 2165 discernamus:

288 2194 347 2249 1.
380 2194 525 2254 Vita
568 2194 867 2253 Muirchui
909 2193 1454 2254 Maccumachtenii.
1511 2229 1595 2238 -
1655 2193 1862 2253 Prima
1924 2194 2079 2253 enim
2140 2192 2283 2252 libri
2328 2191 2486 2252 Ard-

378 2283 651 2342 machani
695 2285 837 2342 folia
885 2283 1165 2361 (Betham
1210 2283 1306 2357 II,
1354 2283 1656 2360 appendix
1700 2304 1757 2360 p.
1789 2281 2135 2359 I—XVII)
2183 2282 2490 2341 continent

379 2372 566 2431 vitam
629 2374 926 2449 quandam
980 2373 1233 2432 Patricii
1293 2373 1419 2431 sine
1479 2372 1716 2430 nomine
1776 2371 2060 2449 scriptam
2114 2371 2211 2431 vel
2272 2372 2489 2430 amissa

381 2461 580 2539 priore
626 2462 806 2540 primi
851 2461 991 2520 libri
1035 2467 1207 2540 parte
1254 2462 1606 2520 mutilatam.
1681 2460 1860 2520 Hanc
1905 2481 1941 2519 a
1986 2460 2296 2520 Muirchuo
2345 2480 2487 2538 quo-

381 2550 517 2609 dam
579 2551 974 2630 conscriptam
1031 2571 1155 2610 esse
1211 2549 1587 2627 sagacissime
1644 2550 1759 2609 viri
1815 2549 1976 2609 docti
2020 2549 2306 2627 suspicati
2350 2555 2490 2609 sunt

381 2640 478 2713 (cf.
527 2637 721 2698 Skene
767 2640 854 2713 II,
901 2661 961 2718 p.
999 2640 1079 2698 15
1128 2645 1250 2700 not.
1300 2640 1427 2715 23).
1519 2639 1674 2700 Nam
1730 2658 1881 2715 quae
1936 2638 2053 2696 alio
2098 2639 2316 2697 codicis
2361 2639 2488 2696 loco

382 2727 662 2803 (Betham
693 2728 780 2801 II,
827 2749 961 2807 app.
994 2750 1051 2806 p.
1083 2728 1313 2788 XLIII
1358 2749 1444 2804 sq.
1478 2728 1550 2785 01.
1583 2727 1738 2785 infra
1783 2733 1923 2803 post
1959 2728 2063 2802 11)
2109 2727 2492 2804 reperiuntur

381 2812 728 2895 „capitula“
773 2817 868 2876 vel
915 2817 1355 2889 „annatationes
1386 2812 1578 2875 Aidi“
1625 2816 1711 2874 nil
1751 2815 1915 2875 aliud
1945 2835 2070 2874 esse
2103 2835 2281 2892 quam
2311 2814 2492 2893 primi

381 2906 541 2966 vitae
587 2905 747 2965 illius
791 2906 934 2965 libri
978 2914 1394 2983 argumentum
1424 2906 1803 2963 manifestum
1834 2910 1940 2963 est.
2019 2903 2236 2981 Itaque
2267 2924 2399 2962 cum
2428 2903 2493 2961 in

385 2993 664 3054 extremis
719 2996 811 3054 his
857 2995 1161 3072 capitulis,
1223 3014 1471 3072 quorum
1518 2993 1811 3070 praefatio
1858 2992 2147 3068 inscripta
2194 2999 2285 3052 est
2328 2991 2492 3051 Aido

385 3083 662 3161 episcopo
711 3082 1032 3162 Sleptiensi
1079 3083 1148 3159 (†
1198 3081 1323 3143 698
1373 3084 1445 3140 01.
1493 3081 1689 3141 811000
1736 3082 1823 3154 ΙΙ,
1869 3103 1927 3159 p.
1981 3081 2104 3157 15),
2152 3081 2494 3141 inveniatur

385 3172 495 3230 hoc
539 3171 855 3249 scriptum:
901 3170 1042 3232 haec
1078 3190 1284 3251 pauca
1315 3215 1329 3229 .
1362 3215 1376 3228 .
1410 3214 1423 3229 .
1457 3214 1470 3228 .
1507 3167 1786 3230 Muirchu
1831 3165 2336 3229 Maooamachteni
2373 3168 2489 3229 dic-

387 3267 540 3319 tante
593 3256 757 3326 Aido
811 3254 1144 3340 Sleptiensis
1199 3258 1439 3319 civitatis
1492 3258 1759 3342 episcopo
1815 3255 2179 3338 consempsit,
2242 3264 2494 3337 apparet

390 3350 575 3408 vitam
629 3350 793 3408 illam
846 3349 985 3409 huic
1027 3349 1339 3409 Muirchuo
1390 3354 1644 3407 exeunte
1689 3348 1919 3407 saeculo
1966 3347 2221 3426 septimo
2266 3348 2495 3409 viventi

391 3458 518 3498 esse
564 3439 1035 3514 attribuendam,
1096 3439 1308 3499 saltem
1353 3438 1710 3498 attributam
1756 3437 1821 3496 in
1861 3438 2015 3496 libro
2054 3438 2494 3497 Ardmachano.

400 3702 421 3733 ²
459 3699 765 3754 Maximam
804 3700 1046 3768 gratiam
1084 3700 1267 3754 habeo
1308 3700 1430 3753 viro
1470 3700 1797 3755 doctissimo
1837 3700 2080 3755 Ernesto
2118 3699 2492 3765 Windischio,

253 3775 480 3826 nostrae
519 3771 901 3825 universitatis
940 3771 1252 3840 Lipsiensis
1293 3770 1622 3840 professori,
1664 3772 1760 3841 qui
1797 3772 1937 3825 mihi
1975 3775 2035 3824 et
2071 3771 2211 3825 alios
2251 3775 2311 3825 et
2345 3772 2494 3825 hunc

253 3844 490 3907 librum,
530 3842 643 3912 ipsi
681 3842 752 3895 ab
792 3846 1026 3897 auctore
1065 3843 1390 3897 dedicatum
1429 3847 1598 3911 atque
1637 3842 1971 3912 inscriptum
2008 3844 2281 3897 utendum
2319 3842 2493 3908 dedit,

258 3914 368 3968 etsi
402 3914 595 3967 inveni
633 3914 815 3983 ipsam
851 3914 1029 3968 vitam
1068 3913 1600 3970 commemoratione
1627 3914 1721 3966 vix
1747 3914 1976 3985 dignam
2003 3930 2140 3968 esse.
2204 3912 2329 3983 Quo
2354 3917 2494 3967 tem-

255 4001 396 4056 pore
419 3988 732 4054 composita
753 3986 829 4039 sit
848 3987 1058 4054 partim
1077 4004 1143 4041 ex
1166 3985 1470 4040 verborum
1489 3983 1684 4038 formis
1705 3985 1975 4039 definitur
1994 3986 2228 4057 (Stokes
2249 4003 2302 4053 p.
2325 3984 2493 4039 VIII:

255 4059 407 4111 intra
445 4075 587 4114 saec.
616 4056 707 4110 XI
743 4058 804 4111 et
828 4057 971 4127 XV)
1010 4057 1219 4127 partim
1258 4075 1328 4111 ex
1367 4073 1450 4123 eo,
1491 4057 1642 4125 quod
1681 4062 1879 4112 auctor
1914 4058 2141 4112 videtur
2167 4057 2497 4127 cognovisse

254 4128 508 4185 Jocelini
546 4129 699 4182 vitae
739 4146 786 4182 c.
830 4131 896 4184 18
937 4146 1056 4182 010.
1101 4129 1202 4184 163
1244 4128 1366 4198 (vid
1403 4145 1573 4196 supra
1611 4146 1665 4197 p.
1694 4130 1804 4199 32).
1865 4128 2028 4182 Dixit
2065 4129 2244 4183 enim:
2284 4127 2501 4193 „What

260 4200 380 4255 God
430 4200 675 4269 wrouqht
722 4199 788 4267 of
816 4201 1056 4255 wonders
1104 4200 1217 4255 and
1261 4199 1510 4253 miracles
1542 4197 1638 4266 for
1677 4203 1761 4255 the
1796 4201 1919 4270 hely
1954 4198 2191 4254 Patriek
2225 4216 2319 4252 are
2354 4215 2496 4253 over-

257 4288 425 4341 many
462 4274 516 4325 to
550 4274 773 4325 recount
806 4289 869 4325 or
905 4271 1143 4338 declare;
1174 4271 1270 4337 for
1308 4270 1452 4324 there
1487 4283 1621 4324 were
1657 4272 1807 4341 siaety
1842 4273 1954 4327 and
1989 4287 2143 4326 seven
2178 4270 2240 4338 (i.
2270 4286 2315 4322 e.
2347 4270 2416 4323 66
2441 4273 2500 4322 et

260 4342 297 4397 J
301 4343 510 4398 ocelini
547 4343 693 4410 vita)
730 4343 949 4396 written
972 4340 1040 4409 of
1057 4342 1214 4406 them,
1253 4341 1364 4396 and
1388 4341 1501 4395 still
1528 4341 1651 4409 they
1675 4361 1769 4396 are
1792 4346 1887 4397 not
1909 4343 2019 4397 all“
2047 4341 2276 4412 (Stokes
2301 4358 2355 4408 p.
2387 4341 2497 4407 13).

2039 4430 2072 4484 3
