3025 4909
1417 180 1858 239 ..88-

525 359 873 419 Theodorus
905 358 1378 437 archiepiscopus
1414 364 1546 418 tum
1574 357 2043 432 Berchtwaldus,
2087 361 2215 434 ejus
2259 378 2573 430 successor,
2604 358 2818 416 Wil-

525 449 747 507 fridum
779 452 1205 507 accusaverunt
1227 447 1406 524 (Edd.
1435 447 1546 507 vit.
1568 446 1767 506 Wilfr.
1797 446 2043 521 XLIX,
2071 469 2129 526 p.
2163 448 2317 521 7083
2358 446 2467 520 LI,
2498 469 2554 525 p.
2585 449 2619 506 7
2637 449 2674 505 1
2691 449 2810 524 1)-

529 537 756 614 Neque,
804 536 916 595 etsi
961 536 1299 615 Stephanus
1342 535 1574 595 Eddius
1627 536 1818 595 iratus
1870 542 2288 596 commemorat
2332 542 2394 595 et
2437 536 2801 613 Egit-idum

525 646 726 704 regem
773 631 835 684 et
875 632 1084 704 postea
1115 624 1420 684 Alfridum
1464 624 1627 685 sedis
1665 625 2025 704 apostolicae
2068 625 2292 702 judicia
2337 626 2800 703 contempsisse

525 714 655 790 (vit.
704 714 901 773 Wilfr.
946 712 1242 787 XXXII,
1288 736 1348 793 p.
1396 712 1522 773 696
1571 720 1634 773 et
1674 713 1810 787 LV,
1868 736 1929 793 p.
1977 715 2149 791 714),
2203 714 2267 773 in
2312 715 2542 774 occulto
2587 715 2790 787 latet,

529 824 652 863 non
699 803 1138 881 contemptione
1182 803 1338 862 sedis
1383 802 1744 881 apostolicae
1788 803 1893 862 sed
1933 802 2073 862 odio
2106 802 2373 863 Wilfridi
2415 822 2585 881 reges
2629 823 2790 862 esse

524 898 864 952 commotos.
953 892 1153 968 Hujus
1197 892 1321 951 odii
1366 912 1519 969 quae
1563 892 1787 951 fuerint
1830 912 2068 963 causac,
2112 912 2306 970 neque
2350 891 2519 951 Beda
2561 912 2787 968 neque

526 980 864 1060 Stephanus
908 980 1141 1040 Eddius
1200 981 1494 1059 expressis
1540 981 1739 1040 verbis
1782 987 2203 1054 narraverunt,
2266 988 2463 1040 tamen
2507 980 2782 1040 dubium

523 1090 643 1129 non
688 1076 795 1142 est,
843 1068 987 1145 quin
1030 1069 1326 1130 discordia
1385 1070 1489 1129 illa
1547 1070 1705 1130 inter
1750 1068 2125 1129 Theodorum
2171 1076 2233 1129 et
2276 1070 2782 1130 Berchtwaldum

527 1157 996 1237 archiepiscopos
1041 1164 1102 1217 et
1140 1158 1488 1218 Wilfridum
1530 1159 1670 1217 inde
1714 1164 1849 1218 orta
1894 1158 1990 1230 sit,
2037 1159 2196 1235 quod
2228 1159 2573 1223 Theodorus
2605 1158 2779 1218 Wil-

525 1246 668 1306 fridi
711 1247 1052 1325 parochiam
1097 1247 1280 1306 nimia
1321 1247 1733 1325 magnitudine
1788 1246 2080 1325 insignem
2133 1248 2197 1305 in
2253 1254 2511 1325 quatuor
2551 1255 2776 1327 partes

524 1336 810 1395 diviserat
855 1337 953 1413 (cf.
998 1335 1153 1395 Edd.
1197 1337 1307 1395 vit.
1352 1336 1551 1395 Wilfr.
1595 1335 1810 1409 XXX,
1856 1358 1915 1414 p.
1964 1337 2145 1414 694),
2199 1337 2356 1396 sicut
2398 1337 2772 1397 Merciorum

526 1444 760 1502 quoque
820 1424 1188 1502 provinciam
1203 1468 1220 1499 ,
1280 1431 1350 1484 111
1407 1426 1689 1485 ecclesiae
1749 1431 1971 1485 statum
2032 1425 2338 1486 ordinaret
2355 1471 2369 1499 ,
2431 1426 2493 1484 in
2556 1426 2774 1504 plures

528 1513 824 1573 dioeceses
883 1513 1195 1582 diviserat,
1254 1521 1316 1573 et
1376 1514 1537 1591 quod
1582 1514 1895 1573 wilfridus
1950 1521 2013 1574 et
2059 1513 2355 1574 Theodori
2401 1521 2464 1575 et
2504 1514 2768 1574 Bercht·

523 1602 702 1661 waldi
747 1608 809 1660 et
862 1601 1048 1678 ipsius
1102 1603 1313 1681 synodi
1366 1603 1431 1662 in
1474 1602 1793 1662 Britannia.
1846 1603 1920 1661 de
1973 1604 2085 1662 hac
2138 1624 2203 1662 re
2247 1604 2488 1663 habitae
2527 1603 2769 1680 judicia

524 1696 961 1768 contempserat
1005 1691 1184 1768 (Edd.
1230 1693 1337 1751 vit.
1383 1692 1583 1751 Wflfr.
1626 1691 1719 1767 L„
1763 1713 1822 1769 p.
1871 1693 2044 1769 709).
2133 1693 2343 1770 Neque
2377 1712 2527 1770 quae
2571 1693 2770 1752 fuerit

508 1778 763 1856 ‘ngridi
807 1779 964 1856 regis
1008 1780 1071 1838 in
1102 1780 1446 1839 Wilfridum
1492 1781 1616 1840 odii
1661 1801 1854 1854 causa,
1898 1781 2185 1859 suspicari
2216 1783 2541 1859 nequimus.
2599 1781 2765 1841 Nam

414 1891 424 1902 ·
521 1869 651 1928 luce
705 1868 918 1928 clarius
974 1875 1068 1929 est
1110 1869 1531 1947 Aediltrydam
1584 1870 1850 1948 reginam
1863 1914 1879 1942 ,
1935 1890 2113 1946 quam
2157 1870 2327 1929 Beda
2381 1871 2446 1929 111
2498 1875 2768 1947 utroque

521 1956 898 2016 matrimonio
931 1992 1015 2003 --
1047 1958 1142 2017 bis
1187 1959 1343 2017 enim
1404 1965 1715 2036 nupserat,
1779 1958 1968 2036 priori
2027 1958 2154 2018 viro
2216 1959 2477 2038 principi
2521 1958 2765 2019 cuidam

525 2044 922 2117 Tondbercto,
968 2047 1143 2105 alteri
1186 2047 1439 2124 ngrido
1477 2080 1555 2092 --
1589 2046 1881 2124 virginem
1935 2047 2218 2107 mansisse
2264 2048 2530 2127 prodidit
2574 2048 2658 2122 (11.
2703 2068 2763 2107 e.

522 2135 582 2207 4,
634 2134 734 2207 19,
779 2135 816 2211 ξ
864 2135 1035 2211 309),
1082 2134 1333 2212 ngrido
1378 2155 1588 2195 revera
1633 2136 1902 2214 copulari
1944 2156 2063 2194 non
2108 2138 2467 2215 repudiasse,
2513 2137 2565 2196 si
2603 2136 2761 2195 Wil-

520 2222 727 2296 fridus,
774 2225 943 2298 cujus
973 2223 1217 2283 consilio
1244 2225 1547 2298 utebatur,
1592 2244 1778 2303 pravo
1810 2225 1901 2283 illi
1930 2223 2298 2303 virginitatis
2328 2226 2517 2285 amori
2548 2226 2759 2284 eodem

520 2312 694 2371 modo
751 2312 1086 2372 obluctatus
1143 2319 1297 2372 esset
1351 2319 1532 2391 atque
1578 2312 1869 2373 Columba
1914 2313 2206 2386 Hiiensis,
2267 2335 2400 2373 cum
2452 2314 2526 2373 de
2573 2313 2758 2374 simili

523 2420 702 2460 causa
756 2402 1054 2476 judicaret
1100 2401 1383 2476 (Adamn.
1428 2401 1534 2462 vit.
1581 2401 1709 2462 Col.
1759 2405 1816 2475 2,
1867 2406 1901 2461 7
1911 2403 1968 2476 5,
2014 2424 2073 2482 p.
2121 2404 2294 2481 224).
2384 2404 2551 2463 Haec
2594 2402 2757 2462 enim

522 2495 660 2549 sunt
703 2487 904 2547 Bedae
948 2490 1132 2548 verba
1178 2490 1260 2566 (h.
1307 2510 1355 2550 e.
1404 2491 1599 2565 4,19,
1640 2492 1675 2569 ξ
1711 2493 1892 2569 309):
1923 2500 2219 2573 perpetua
2260 2491 2474 2551 manoe't
2488 2488 2753 2575 viryim'-

519 2574 654 2636 tatis
708 2575 1031 2659 inteyritate
1070 2575 1360 2659 ylon’osa,
1423 2577 1570 2639 siout
1611 2577 1869 2639 mihimet
1920 2578 2040 2662 ipsi
2090 2579 2419 2652 sciscitanti,
2467 2572 2598 2641 omn
2639 2577 2755 2639 1166

520 2686 601 2725 an
640 2663 726 2725 ita
769 2674 908 2727 esset
951 2664 1300 2748 quibusdam
1343 2666 1581 2728 venisset
1622 2666 1686 2728 in
1715 2666 1975 2742 dubium,
2021 2667 2218 2729 beatae
2244 2668 2561 2730 memoriae
2602 2663 2751 2728 Wil-

502 2752 715 2840 fridus
760 2753 1061 2835 episcopas
1110 2752 1394 2837 refhrebat
1436 2754 1636 2817 elecem
1687 2775 1746 2816 86
1803 2764 2000 2817 testem
2049 2755 2391 2839 inteym’tatis
2454 2755 2576 2839 ejus
2634 2776 2757 2818 esse

520 2841 916 2915 certissimum,
962 2843 1111 2904 adeo
1154 2853 1220 2904 ut
1262 2840 1559 2927 Eqfivcdw
1592 2843 1964 2925 promserit,
2026 2865 2087 2905 se
2140 2846 2193 2906 ei
2234 2856 2421 2907 terras
2464 2866 2536 2906 ac
2568 2865 2752 2927 pecu-

518 2929 650 2991 nias
692 2928 908 2991 multas
953 2951 1067 2993 esse
1111 2933 1487 3005 donaturam,
1531 2932 1591 2993 si
1615 2932 1849 3015 reqinae
1884 2942 2081 3017 poscet
2116 2934 2473 3015 persuadere
2517 2932 2638 3016 ejus
2665 2934 2760 2995 uti

520 3018 828 3093 connubio,
873 3019 1012 3102 quia
1056 3021 1292 3096 sciebat,
1335 3019 1505 3081 illam
1549 3019 1778 3083 nullum
1836 3022 2099 3083 virorum
2146 3020 2284 3104 plu-s
2336 3021 2434 3085 ido
2491 3022 2748 3105 diliyere.

521 3107 911 3170 Accedebant
964 3110 1118 3170 aliae
1171 3131 1408 3184 causae,
1465 3132 1617 3188 quae
1671 3132 1840 3190 reges
1886 3119 2094 3172 contra
2140 3113 2483 3172 Wiffridum
2529 3114 2746 3173 excita-

519 3204 681 3273 rent,
741 3200 846 3259 sed
905 3220 1035 3259 cum
1094 3201 1337 3278 longum
1395 3200 1478 3259 sit
1519 3220 1619 3259 eas
1665 3220 2035 3275 enumerare,
2091 3201 2269 3262 liceat
2312 3202 2459 3260 mihi
2499 3203 2748 3262 lectores

518 3288 792 3365 delegare
837 3289 913 3347 ad
958 3289 1225 3366 Brightii
1281 3289 1528 3363 librum,
1590 3289 1691 3366 qui
1751 3289 1973 3367 opt-ime
2033 3291 2106 3349 de
2166 3292 2277 3350 hac
2334 3295 2463 3350 tota
2521 3312 2586 3350 re
2632 3291 2743 3350 dis-

517 3376 705 3435 seruit
757 3379 839 3454 (p.
886 3378 1016 3435 280
1071 3398 1229 3454 sqq„
1286 3378 1412 3436 367
1469 3398 1600 3455 sqq.
1656 3384 1724 3437 et
1777 3377 1970 3454 alibi).
2072 3379 2274 3439 Unum
2340 3380 2451 3438 hoc
2518 3380 2745 3453 addam,

516 3464 780 3523 Eddium
823 3465 988 3524 nulla
1029 3485 1094 3524 re
1137 3465 1319 3526 fuisse
1348 3466 1717 3544 impeditum,
1764 3466 2093 3543 quominus,
2137 3469 2190 3528 si
2229 3468 2497 3527 wilfridi
2539 3470 2745 3528 turbae

522 3556 873 3630 conjunctae
914 3553 1168 3614 fuissent
1214 3575 1344 3614 cum
1400 3561 1604 3614 vetere
1657 3555 1764 3614 illa
1809 3558 2215 3617 controversia
2259 3557 2551 3634 paschali,
2597 3558 2737 3616 Wil-

519 3642 738 3700 fridum
806 3642 1211 3703 introduceret
1278 3644 1761 3720 martyrizantem
1833 3665 1945 3725 pro
2004 3646 2410 3705 Romanorum
2469 3646 2737 3719 moribus,

519 3749 715 3808 neque
758 3731 882 3790 ulla
926 3750 993 3790 re
1038 3732 1219 3791 fuisse
1266 3739 1551 3807 coactum,
1597 3739 1666 3791 111
1712 3732 2029 3806 Ceaddam,
2076 3734 2168 3792 cui
2214 3734 2408 3813 primo
2439 3734 2741 3794 Wilfridus

517 3820 708 3892 cessit,
754 3838 984 3879 servwm
1028 3819 1125 3880 dei
1165 3816 1665 3902 reliqioszlssimum
1707 3831 1758 3882 et
1802 3819 2214 3884 admirabilem
2243 3822 2537 3884 doctorem
2565 3823 2738 3883 nomi·

516 3917 690 3969 naret
750 3908 953 3985 (XIV,
1013 3931 1072 3987 p.
1121 3909 1303 3987 685);
1361 3944 1442 3957 -—
1500 3917 1663 3971 certo
1723 3911 1870 3969 illud
1928 3929 2049 3970 non
2109 3912 2401 3973 omisisset
2459 3914 2570 3972 hoc
2630 3933 2736 3971 non

516 3998 778 4069 fecisset,
828 3997 879 4057 si
926 3996 1167 4057 Geadda
1213 4004 1274 4059 et
1319 3999 1424 4076 qui
1469 4019 1600 4058 cum
1648 4020 1716 4058 eo
1771 4005 1968 4078 erant,
2016 3999 2304 4060 Romanis
2359 4001 2563 4061 infesti
2607 4001 2735 4061 fuis·

516 4092 665 4145 sent.
725 4086 942 4164 Itaque
972 4077 1242 4158 wilfridi
1283 4086 1537 4148 historia
1580 4087 1819 4146 minime
1866 4090 2084 4164 obstat,
2131 4089 2443 4166 quominus
2489 4091 2738 4151 dicamus

515 4175 684 4235 brevi
729 4182 994 4255 tempore
1041 4183 1101 4236 et
1146 4176 1273 4237 sine
1318 4178 1538 4257 pugnis
1581 4175 2208 4255 Nordanhymbrorum
2268 4179 2573 4242 ecclesiam
2618 4200 2736 4240 cum

515 4263 789 4324 Romana
834 4263 896 4324 in
943 4286 1126 4325 unum
1173 4286 1384 4343 corpus
1430 4266 1733 4326 coaluisse.
