3025 4909
1463 152 1889 212 „52-

567 336 727 396 tione
780 334 955 393 Brito
1008 333 1189 393 fuisse
1233 332 1501 406 videtur,
1574 332 1731 409 quod
1792 331 2166 409 sagacissime
2225 332 2492 410 profecto
2539 331 2837 391 varinus

565 426 805 502 collegit
866 444 937 481 ex
998 422 1089 482 his
1146 422 1429 501 Prosperi
1482 422 1682 481 verbis
1737 422 1962 498 (chron.
2010 442 2150 480 ann.
2198 421 2324 478 429
2371 441 2466 500 οΡ.
2515 421 2604 479 ed.
2654 420 2832 480 Bas-

567 514 697 575 sani
741 514 792 586 Ι,
839 535 897 591 Ρ.
931 513 1076 585 401,
1123 511 1203 569 Η.
1251 511 1369 570 and
1414 511 1501 571 St.
1535 512 1586 585 Ι,
1633 533 1691 589 p.
1729 514 1859 589 l6):
1929 510 2013 571 acl
2055 509 2337 570 actionem
2380 507 2629 571 Palladi
2678 508 2830 570 dia-

567 602 698 665 com'
753 599 934 682 Papa
1000 596 1341 662 Coelestinus
1396 647 1409 660 .
1444 645 1457 659 .
1613 595 1978 662 Germanum
2023 645 2036 659 .
2072 645 2086 658 .
2119 644 2132 659 .
2178 599 2294 660 vice
2353 620 2462 659 sua
2518 598 2701 659 mittit
2770 606 2832 657 et

567 690 878 753 deturbatis
916 688 1213 752 haereticis
1243 645 1595 751 Bm'tamiios
1639 689 1723 750 acl
1766 687 2110 750 catholicam
2131 689 2325 773 fidem
2369 687 2586 790 clin'yit·
2648 689 2829 750 Nam

567 781 710 860 quid
755 781 1056 854 Palladio,
1128 779 1282 840 sedis
1338 781 1698 860 apostolicae
1753 781 2026 854 diacon0,
2096 778 2428 841 commercii
2483 786 2616 838 erat
2675 798 2827 838 cum

566 871 935 945 Britonibus,
984 869 1098 929 nisi
1143 869 1269 946 ipse
1318 877 1447 930 erat
1489 869 1708 930 Brito?

743 960 834 1019 At
879 960 1043 1019 dicat
1087 960 1338 1018 fortasse
1386 960 1681 1038 quispiam
1725 959 1863 1018 huic
1916 965 2152 1020 nostrae
2207 958 2536 1019 sententiae
2583 978 2823 1036 repug-

566 1072 708 1110 nare
765 1048 1145 1109 confessionis
1187 1047 1441 1108 Patricii
1494 1070 1821 1108 sermonem
1880 1070 1948 1108 ac
2002 1050 2221 1126 stylum
2276 1049 2565 1108 incultum
2622 1052 2823 1123 atque

568 1138 931 1218 impeditum.
1023 1137 1220 1213 Atqui
1280 1138 1557 1198 librarios
1619 1145 1853 1198 accuset
1912 1159 2030 1198 non
2088 1138 2445 1211 Patricium,
2506 1158 2643 1196 nam
2708 1136 2824 1213 qui

567 1229 665 1288 dei
712 1234 772 1288 et
818 1228 1221 1307 apostolorum
1267 1229 1452 1287 verba
1497 1229 1560 1286 in
1607 1228 1857 1287 latinum
1912 1228 2236 1288 transferre
2291 1227 2489 1306 potuit
2534 1227 2652 1305 (ep.
2715 1227 2819 1298 ll,

567 1340 625 1398 p.
677 1319 830 1395 319)
870 1318 1025 1375 idem
1085 1317 1148 1374 in
1210 1317 1413 1396 lingua
1459 1318 1648 1377 latina
1693 1317 1856 1376 rudis
1904 1323 2081 1394 atque
2125 1317 2336 1396 hospes
2384 1337 2507 1376 esse
2555 1315 2658 1376 vix
2707 1335 2820 1393 po—

568 1408 703 1469 tuit.
767 1407 941 1482 Quod
974 1427 1104 1465 cum
1152 1407 1530 1466 manifestum
1577 1408 1670 1481 sit,
1718 1407 1928 1467 omitto
1974 1406 2140 1484 loqui
2184 1407 2258 1465 de
2302 1406 2376 1465 iis
2424 1405 2820 1465 confessionis

568 1497 765 1558 verbis
812 1498 893 1574 (p.
930 1497 1102 1572 298),
1172 1516 1243 1554 ex
1304 1497 1519 1574 quibus
1581 1496 1890 1556 Ebrardus
1953 1498 2035 1574 (p.
2079 1496 2205 1560 485
2253 1500 2375 1554 not.
2413 1498 2518 1573 16)
2575 1482 2821 1554 studuit

569 1587 816 1659 efficere,
868 1587 1061 1664 ipsum
1093 1584 1421 1645 Patricium
1454 1606 1579 1646 esse
1610 1587 1935 1646 confessum
1968 1606 2029 1645 se
2070 1584 2276 1644 rudem
2323 1605 2448 1644 esse
2492 1585 2557 1641 in
2602 1584 2819 1661 lingua

567 1676 769 1735 latina.
860 1676 1015 1736 Nam
1072 1675 1411 1735 obscuriora
1471 1696 1598 1735 esse
1655 1675 1761 1734 illa
1807 1675 1992 1735 verba
2051 1676 2102 1735 is
2154 1678 2281 1751 jam
2328 1674 2632 1751 cognovit,
2709 1673 2819 1750 qui

567 1765 785 1824 librum
834 1764 1316 1835 Ardmachanum
1365 1764 1741 1844 conscripsit,
1797 1786 1934 1823 nam
1979 1762 2333 1836 „incerttae“,
2380 1763 2642 1839 inquit,
2645 1758 2818 1834 ‚liber

568 1850 703 1914 hic“
737 1853 839 1931 (H.
875 1855 991 1912 and
1022 1852 1110 1912 St.
1141 1854 1227 1927 ΙΙ,
1262 1856 1319 1928 2,
1359 1877 1417 1934 p.
1452 1855 1582 1912 298
1615 1860 1736 1914 not.
1773 1855 1898 1930 21).
1960 1807 2237 1913 Profecto
2283 1853 2580 1926 incertior,
2630 1872 2814 1928 quam

567 1951 660 2017 ut,
723 1943 866 2021 quid
913 1943 1026 2002 sibi
1072 1943 1260 2002 velint
1304 1945 1487 2003 verba
1504 1988 1519 2017 ,
1583 1944 1854 2021 cognosci
1898 1944 2101 2021 possit.
2193 1943 2409 2021 Itaque
2456 1962 2567 2001 nec
2613 1961 2809 2000 sermo

568 2040 673 2092 aut
723 2034 908 2108 stylus
950 2033 1330 2092 confessionis
1376 2032 1644 2111 impedit,
1691 2032 2002 2110 quominus
2033 2032 2370 2092 Palladium
2402 2033 2650 2091 eundem
2683 2050 2811 2090 esse

568 2128 842 2200 putemus
888 2128 1066 2199 atque
1114 2122 1457 2181 Patricium.
2976 2172 2986 2196 ⁴

750 2212 914 2286 Quae
961 2232 1093 2270 cum
1138 2211 1226 2271 ita
1272 2213 1406 2284 sint,
1455 2211 1556 2272 vix
1585 2211 1903 2290 disceptari
1948 2216 2166 2290 potest,
2212 2217 2412 2271 utrum
2445 2208 2626 2282 Scoti,
2676 2229 2806 2268 cum

567 2301 853 2379 Prosp'eri
900 2301 1299 2360 narrationem
1346 2307 1764 2377 cognoscentes
1807 2300 2136 2360 Patricium
2193 2323 2227 2359 a
2273 2299 2611 2359 Coelestino
2674 2299 2808 2357 mis-

567 2411 695 2450 sum
743 2411 867 2450 esse
913 2391 1237 2465 finxerunt,
1301 2412 1336 2449 a
1383 2391 1634 2450 veritate
1693 2390 2046 2450 deflexerint
2107 2410 2181 2448 an
2244 2390 2443 2468 potius
2504 2388 2677 2447 inscii
2736 2387 2807 2446 ad

568 2480 885 2540 veritatem
932 2479 1208 2558 proprius
1256 2479 1611 2539 adduxerint
1655 2480 1904 2540 Patricii
1950 2480 2274 2539 historiam.

745 2570 898 2631 Nam
931 2575 1129 2628 utrum
1161 2569 1456 2647 Prospero
1488 2591 1565 2629 an
1599 2568 1910 2630 obscuris
1893 2569 2081 2647 lpsius
2110 2568 2360 2628 Patricii
2392 2554 2590 2628 verbis
2623 2570 2805 2643 major

572 2658 717 2717 fides
778 2658 1049 2718 habenda
1111 2658 1213 2731 sit,
1277 2658 1553 2718 dubitare
1615 2660 1774 2718 licet.
1862 2657 2155 2717 Attamen
2211 2664 2436 2717 certum
2492 2662 2582 2717 est
2627 2656 2803 2715 haud-

568 2768 867 2825 quaquam
915 2748 1002 2805 ita
1052 2748 1293 2807 missum
1326 2768 1450 2806 esse
1482 2748 1812 2807 Patricium
1860 2751 1926 2805 ut
1971 2747 2399 2824 posterioribus
2444 2746 2802 2824 temporibus

569 2838 755 2915 legati
824 2836 987 2896 missi
1056 2843 1195 2896 sunt
1271 2837 1345 2896 ab
1418 2837 1706 2916 episcopis
1773 2836 2062 2895 Romanis
2128 2838 2204 2897 ad
2272 2856 2550 2916 paganos.
2657 2835 2801 2895 Nam

576 2927 833 2985 alienum
880 2932 970 2985 est
1014 2927 1233 2986 saeculi
1279 2926 1474 3004 quinti
1520 2928 1696 2985 rebus
1743 2946 1931 3003 neque
1980 2926 2332 2985 confessioni
2378 2924 2629 2985 Patricii
2674 2944 2797 2983 con-

566 3016 746 3092 gruit.
840 3014 1022 3073 Haud
1082 3016 1202 3075 scio
1267 3036 1342 3074 an
1400 3016 1539 3074 inde
1600 3023 1732 3075 orta
1797 3016 1876 3075 sit
1936 3015 2220 3094 Prosperi
2279 3013 2572 3088 narrati0,
2653 3013 2799 3089 quod

566 3104 883 3178 Patricius,
932 3124 1064 3161 cum
1109 3105 1291 3165 variis
1339 3106 1572 3165 casibus
1613 3108 1875 3181 ,iactatus
1924 3125 2063 3165 casu
2101 3105 2353 3165 Romam
2399 3103 2673 3176 venisset,
2716 3103 2795 3162 ibi

571 3193 816 3253 consilio
863 3213 970 3253 suo
1018 3193 1080 3253 in
1109 3194 1465 3253 Hiberniam
1512 3194 1837 3271 navigandi
1884 3214 2016 3252 cum
2045 3193 2330 3255 Romanis
2360 3194 2455 3253 vel
2503 3213 2634 3251 cum
2677 3193 2793 3271 ipso

563 3304 741 3361 papa,
790 3283 841 3341 si
886 3285 1100 3358 mavis,
1152 3282 1580 3344 communicato
1627 3284 1687 3342 in
1734 3283 2215 3363 presbyterorum
2261 3284 2354 3343 vel
2401 3282 2793 3361 episcoporum

566 3392 870 3431 numerum
938 3380 1211 3451 receptus
1281 3380 1387 3433 est.
1517 3373 1607 3433 At
1676 3373 2029 3450 conjecturis
2097 3373 2358 3450 gaudere
2428 3392 2521 3430 me
2590 3372 2792 3430 taedet.

564 3461 729 3536 Ergo
776 3460 919 3520 haec
964 3462 1265 3522 hactenus.
1356 3463 1532 3522 Licet
1577 3464 1641 3521 in
1689 3463 1871 3521 dubio
1925 3462 2312 3540 relinquatur,
2370 3461 2514 3538 quid
2561 3461 2632 3518 de
2687 3462 2789 3520 sin·
2934 3488 2986 3565 χ

564 3551 717 3627 gulis
764 3549 1047 3628 Prosperi
1093 3551 1291 3612 verbis
1332 3553 1717 3628 judicandum
1767 3553 1868 3625 sit,
1935 3551 2425 3610 verisimillimum
2471 3556 2669 3609 tamen
2710 3554 2789 3608 est

562 3639 930 3714 Palladium,
994 3643 1066 3702 de
1113 3662 1230 3719 quo
1277 3642 1609 3720 Prosperus
1657 3641 2013 3699 mentionem
2058 3641 2223 3716 fecit,
2286 3641 2468 3700 alium
2513 3660 2633 3698 non
2677 3659 2786 3699 esse
2948 3592 2986 4872 Ξ

561 3941 617 3992 p.
662 3924 782 3991 428,
829 3927 947 3978 not.
997 3923 1087 3991 17)
1137 3939 1282 3976 anno
1321 3922 1426 3975 432
1469 3920 1749 3976 Patricius
1805 3922 1864 3975 in
1909 3920 2243 3976 Hiberniam
2280 3922 2452 3975 venit.
2529 3922 2613 3974 At
2648 3922 2780 3975 dicat

504 4046 508 4050 .
563 3995 841 4079 quispiam
881 3994 1138 4062 Logairii
1178 4010 1349 4047 annos
1390 3997 1742 4061 computasse
1783 3995 2010 4048 annales
2050 3993 2416 4047 Ultonienses
2455 3996 2622 4062 (saec.
2651 3991 2775 4059 XII)

561 4084 677 4120 non
715 4067 834 4120 sine
873 4065 1071 4119 habita
1106 4063 1353 4118 Palladii
1392 4065 1657 4118 historiae
1695 4065 1932 4118 ratione.
2008 4065 2187 4134 Atqui
2234 4065 2334 4117 illo
2385 4064 2509 4117 fere
2547 4069 2779 4131 tempore

559 4138 890 4206 Logairium
939 4153 1205 4207 regnasse
1262 4137 1611 4191 demonstrat
1660 4137 1964 4208 Gatalogus
2018 4085 2128 4191 SSq
2173 4135 2309 4189 Hib.
2368 4140 2499 4189 ante
2558 4136 2780 4189 medium

560 4211 846 4263 saeculum
906 4215 1170 4262 octavum
1229 4209 1581 4276 conscriptus
1638 4225 1820 4277 neque
1879 4208 2125 4261 Palladii
2180 4208 2522 4261 mentionem
2591 4207 2778 4260 faciens

562 4280 664 4350 (H.
703 4281 815 4334 and
855 4278 939 4334 St.
966 4278 1045 4346 H,
1075 4281 1125 4345 2,
1165 4297 1221 4349 p.
1251 4278 1400 4349 292).
