3025 4909
3 3591 53 3660 ’1

1162 226 1559 288 -3-

200 410 538 468 erroribus
584 429 702 467 non
748 414 979 481 careat,
1024 414 1095 467 ut
1139 410 1267 487 ipse
1313 415 1521 467 auctor
1565 416 1773 487 postea
1820 415 1912 469 est
1956 409 2255 469 confessus
2301 409 2482 485 (Her-

202 519 351 576 zog
389 498 465 556 R.
498 497 569 555 E.
623 498 679 556 1.
712 497 874 556 Aufl.
914 499 1011 570 ll,
1047 498 1170 556 201
1208 498 1387 575 sqq.),
1432 498 1662 571 idonea,
1710 519 1829 575 qua
1874 498 2021 557 duce
2067 505 2316 558 utantur
2360 520 2483 557 om·

201 608 343 646 nes
388 587 462 645 de
511 586 907 645 ecclesiastica
951 586 1270 646 Britonum
1319 586 1748 665 Scotorumque
1805 587 2055 647 historia
2101 588 2480 664 disputaturi.

202 677 445 752 Neque
489 675 718 749 Usserii
761 672 1256 736 Britannicarum
1300 673 1670 734 ecclesiarum
1712 675 2143 758 antiquitatibus
2189 677 2483 751 (Dublini.

214 766 252 822 1
273 766 439 840 639)
481 764 673 822 adhuc
719 784 918 822 carere
962 784 1289 842 possumus.
1384 759 1640 824 Concilia
1685 772 1884 824 autem
1928 761 2190 845 Maynae
2237 761 2480 823 Britan-

203 851 369 911 niae
413 861 464 911 et
510 847 831 911 Hiberniae
866 874 912 928 ‚a
941 853 1263 912 Wilkinsio
1302 854 1468 912 1737
1518 855 1764 913 collecta
1809 853 1983 912 hodie
2032 862 2482 925 consenuerunt,

210 942 381 1017 quia
426 962 580 1001 nova
627 962 813 1019 eaque
846 942 1084 1018 'optima
1130 948 1329 1001 exstat
1374 942 1583 1015 editio,
1631 945 1797 1018 cujus
1843 942 2024 1021 primi
2069 943 2214 1000 tomi
2259 943 2484 1000 Hasius

209 1030 596 1089 mentionem
640 1031 825 1089 fecitz·
856 1027 1123 1089 Councils
1153 1029 1278 1090 and
1314 1029 1714 1091 ecclesiastical
1757 1030 2091 1090 documents
2136 1027 2383 1110 relatiny
2426 1039 2484 1089 to

218 1113 426 1179 Great
469 1117 714 1178 Britain
773 1118 897 1178 and
942 1116 1207 1179 Ireland.
1268 1118 1355 1179 ed.
1414 1116 1691 1179 Haddan
1736 1118 1860 1179 and
1903 1117 2132 1178 stubbs.
2231 1116 2483 1200 Ooeford.

209 1205 344 1267 vol.
380 1211 427 1267 1.
478 1210 626 1268 1869
640 1229 661 1278 ,·
705 1205 815 1267 vol.
850 1211 906 1278 2,
941 1211 986 1266 1.
1024 1210 1174 1268 1873
1187 1228 1207 1278 ,·
1250 1206 1358 1268 vol.
1407 1211 1462 1278 2,
1491 1211 1547 1267 2.
1599 1212 1778 1279 18783
1822 1205 1934 1268 vol.
1964 1210 2019 1267 3.
2064 1211 2225 1268 1871.
2316 1209 2485 1267 Haec

216 1295 425 1355 editio
456 1298 714 1356 maximo
759 1298 894 1356 usui
938 1297 1085 1355 mihi
1130 1297 1248 1364 fuit
1292 1319 1411 1356 non
1457 1299 1644 1356 solum
1693 1298 1834 1375 quia
1881 1297 2146 1356 continet
2192 1317 2482 1356 commen-

218 1385 562 1459 tationem,
612 1386 1019 1445 brevissimam
1066 1386 1229 1445 illam
1275 1387 1512 1462 quidem
1560 1387 1664 1445 sed
1708 1386 2137 1457 doctissimam,
2184 1386 2257 1443 de
2305 1386 2482 1444 schis-

219 1480 401 1533 mate
448 1475 608 1533 inter
652 1473 933 1533 Britones
979 1481 1040 1534 et
1085 1474 1411 1547 Romanos,
1458 1476 1562 1534 sed
1609 1476 1750 1552 quia
1796 1496 2000 1533 eorum
2048 1494 2283 1551 quoque
2331 1474 2482 1533 anti·

216 1563 489 1639 quitatis
550 1564 1054 1636 testimoniorum,
1134 1573 1286 1641 quae
1347 1565 1552 1642 lingua
1616 1563 1844 1623 Celtica
1919 1564 2254 1641 conscripta
2328 1569 2482 1636 sunt,

213 1652 514 1711 notitiam
547 1652 691 1710 mihi
723 1652 1104 1730 comparavit.
1197 1653 1313 1713 His
1345 1654 1649 1712 doctrinae
1681 1652 2013 1731 praesidiis,
2060 1653 2276 1728 quibus
2321 1673 2482 1711 acce·

218 1741 476 1814 debant,
511 1762 662 1818 quae
693 1741 939 1800 Plittius
972 1742 1056 1816 (in
1077 1736 1538 1823 Zeitsclmftfizr
1551 1739 2066 1802 Protestantismus
2097 1740 2223 1800 und
2244 1736 2316 1799 K
2313 1737 2484 1799 irclte.

136 1844 145 1851 '
220 1825 558 1910 Erlanyen.
599 1830 793 1907 1864)
820 1836 880 1888 et
902 1830 1287 1890 Friedrichus
1320 1827 1418 1907 (K
1415 1826 1920 1911 irehenyesclticlzte
1935 1825 2373 1888 Deutscldands
2395 1830 2483 1901 II,

228 1918 368 1989 135
417 1921 590 1995 sqq.),
650 1918 911 1977 Ebrardi
958 1920 1517 1979 commentationum
1579 1940 1885 1977 censuram
1945 1918 2286 1995 scribenteS,
2349 1939 2481 1995 per-

220 2008 442 2084 paucis
503 2007 576 2064 de
638 2013 843 2066 nostra
903 2029 966 2066 re
1027 2009 1515 2086 disputaverunt,
1596 2009 1853 2085 denique
1871 2051 1885 2080 ,
1964 2027 2115 2084 quae
2176 2007 2483 2065 Hertelius

223 2090 520 2172 (ΚαῘιηίε,
568 2091 900 2178 Zeitschmfl
927 2094 1043 2177 fiir
1086 2096 1144 2156 d.
1191 2094 1317 2157 hist.
1362 2094 1551 2157 Theoi.
1607 2097 1794 2169 1875,
1844 2095 2221 2173 396—454)
2267 2096 2339 2153 de
2372 2095 2483 2154 Co·

229 2185 445 2243 lumba
475 2185 839 2243 Luxoviensi
888 2186 1184 2259 disseruit,
1230 2192 1294 2244 et
1340 2186 1444 2264 9111
1486 2185 1877 2264 posteriorum
1926 2190 2258 2261 temporum
2302 2184 2482 2243 ratio·
2563 2233 2570 2237 .

224 2294 371 2331 nem
430 2274 793 2346 habuerunt,
872 2274 1125 2333 Braunii
1185 2275 1257 2333 de
1304 2274 1544 2334 Guldeis
1603 2275 1840 2333 libellus
1900 2269 2359 2351 (Bon-n.1840)
2424 2281 2485 2331 et

225 2362 686 2421 Wattenbachii
746 2363 819 2420 de
883 2362 1211 2422 Scotorum
1261 2364 1749 2423 monasteriorum
1812 2362 2268 2438 congregatione
2330 2382 2481 2420 com-

125 2450 133 2457 '
226 2451 526 2509 mentatio
576 2452 662 2527 (in
715 2473 768 2510 v.
823 2446 1038 2526 Qua-st,
1099 2447 1430 2533 Zeitschmfl
1457 2451 1571 2533 ffir
1614 2447 1929 2510 christliche
1971 2445 2376 2531 Arcltc‘ioloyie.
2430 2453 2457 2507 1
2470 2494 2483 2508 .

235 2540 458 2616 1856),
521 2545 842 2599 exornatus
901 2541 1074 2599 initio
1131 2562 1248 2599 rem
1314 2562 1628 2619 aggressus
1689 2547 1749 2599 et
1795 2547 1984 2599 totam
2030 2539 2244 2599 studiis
2289 2560 2483 2617 perse·
2566 2615 2573 2622 .

229 2635 415 2687 cutus
447 2629 592 2701 sum,
639 2635 960 2705 antequam
992 2629 1138 2689 alios
1169 2630 1354 2688 libros
1385 2649 1814 2708 cognoscerem,
1846 2648 2094 2705 quorum
2127 2628 2484 2685 mentionem

227 2717 404 2794 prius
449 2737 568 2775 non
615 2718 974 2776 inveneram.
1058 2718 1249 2777 Forte
1280 2719 1435 2777 enim
1466 2719 1666 2778 inveni
1697 2717 2093 2793 Loeningium
2127 2710 2486 2791 (Gesclzichte

231 2805 343 2870 des
388 2802 692 2865 deutschen
739 2802 1232 2866 Kirclzenreclvtes.
1297 2804 1389 2865 II.
1445 2808 1629 2865 1878.
1676 2827 1734 2883 p.
1784 2806 2163 2882 411—447)
2222 2804 2485 2862 Ebrardi

232 2895 600 2954 sententiam
633 2895 997 2953 examinasse
1029 2895 1198 2953 brevi
1243 2896 1347 2953 illa
1392 2896 1630 2971 quidem
1676 2894 2169 2952 commentatione
2214 2893 2315 2952 sed
2362 2914 2481 2951 om·

232 2983 425 3056 nium,
450 3000 624 3060 ‘quae
672 2984 732 3041 in
780 2992 985 3044 nostra
1029 2990 1207 3060 gente
1253 2985 1326 3043 de
1373 2986 1482 3043 hac
1527 3006 1592 3043 re
1639 2983 2008 3060 conscriptae
2054 2988 2192 3041 sunt
2222 3003 2331 3059 per
2360 2987 2485 3040 tres

235 3092 426 3131 annos
475 3072 753 3150 optima.¹
843 3073 1056 3131 Eidem
1103 3073 1433 3150 Loeningio
1480 3073 1691 3146 debe0,
1755 3072 1913 3150 quod
1975 3070 2224 3147 cognovi
2273 3071 2485 3129 Varini

233 3158 430 3220 etudes
460 3158 720 3220 relatives
751 3160 792 3220 ὰ
819 3158 969 3220 l'e‘tat
990 3158 1274 3243 potitique
1305 3171 1356 3220 et
1384 3159 1662 3242 reliyieua:
1692 3160 1793 3221 des
1823 3157 1923 3219 iles
1954 3157 2376 3240 Britanniques
2406 3179 2486 3217 au

233 3258 492 3309 moment
537 3249 609 3308 de
653 3246 952 3309 Pinvasion
996 3269 1253 3310 saxonne
1284 3249 1623 3326 (Me'moires
1657 3246 1952 3330 presentes
1988 3267 2112 3329 par
2151 3246 2265 3307 div.
2296 3266 2415 3306 sav.
2447 3247 2486 3306 ὰ

235 3335 443 3398 Facad.
491 3337 592 3398 des
635 3337 1002 3420 inscriptions
1047 3346 1099 3398 et
1144 3337 1541 3400 belles-lettres.
1591 3343 1637 3399 1.
1680 3335 1858 3408 Ser-ie,
1922 3331 1982 3394 V
2000 3333 2172 3395 Part.
2222 3340 2267 3396 1.
2319 3339 2483 3395 1857.

119 3415 143 3510 ἰ
225 3450 299 3508 p.
338 3431 369 3486 1
398 3431 525 3508 sqq)
559 3433 621 3486 et
663 3447 768 3487 sur
814 3423 893 3486 les
938 3446 1136 3488 causes
1183 3423 1256 3488 de
1299 3427 1360 3488 la
1397 3427 1722 3489 'dissidence
1766 3434 1921 3486 entre
1965 3421 2173 3506 Peyiise
2218 3422 2484 3485 bretonne

238 3524 292 3575 et
336 3512 543 3596 l7e'9lise
585 3514 848 3575 romaine
895 3516 1062 3593 (ibid.
1097 3518 1154 3590 2,
1195 3518 1362 3575 1858
1402 3539 1459 3595 p.
1492 3519 1577 3576 88
1610 3517 1789 3594 sqq.),
1882 3515 2147 3588 Quarum
2193 3534 2483 3573 commen-

239 3605 535 3663 tationum
581 3608 747 3682 prior
789 3605 1034 3664 minoris
1080 3608 1363 3665 momenti
1417 3613 1507 3666 est
1554 3627 1732 3684 quam
1792 3605 2010 3678 altera,
2073 3604 2177 3661 sed
2231 3610 2484 3679 utraque

241 3693 600 3752 doctissima.
689 3692 914 3752 Tamen
947 3715 1020 3752 ex
1049 3701 1305 3773 utraque
1353 3695 1601 3754 multum
1647 3695 1876 3753 fructus
1923 3712 2040 3751 non
2088 3692 2216 3770 cepi
2263 3692 2484 3769 partim

425 3905 445 3936 ¹
482 3902 665 3956 Multo
701 3901 908 3955 melior
944 3907 1028 3956 est
1065 3907 1125 3955 et
1160 3902 1219 3955 111
1258 3919 1357 3956 suo
1410 3919 1619 3971 genere
1669 3902 1927 3971 perfecta
1976 3899 2247 3957 Schoellii
2285 3902 2356 3956 de
2394 3918 2484 3955 ec-

245 3973 417 4027 clesia
455 3973 673 4029 Celtica
709 3974 1111 4027 commentatio
1149 3973 1210 4027 in
1247 3972 1477 4044 Herzog
1478 3974 1678 4039 -Plitt,
1726 3972 1797 4028 R.
1845 3972 1912 4029 Ε.
1953 3972 2143 4038 VIII,
2184 3973 2482 4038 334—355‚

246 4062 414 4114 quam
449 4062 564 4099 non
599 4062 700 4098 suo
738 4044 865 4098 loco
915 4044 1126 4099 editam
1172 3992 1521 4115 negligentia
1566 4046 1810 4115 quadam
1856 4044 2242 4113 praetermisi,
2304 4045 2484 4099 donec

247 4116 507 4169 libellum
545 4133 731 4169 meum
769 4115 999 4184 perfeci.
1078 4115 1234 4169 Tunc
1273 4116 1514 4170 maximo
1554 4135 1682 4170 cum
1719 4116 1925 4185 gaudio
1962 4116 2118 4169 illam
2158 4115 2298 4187 legi,
2339 4119 2482 4169 atta-

246 4204 388 4252 men,
433 4187 543 4240 etsi
579 4187 639 4240 in
676 4186 962 4240 nonnullis
990 4186 1304 4241 Schoellius
1343 4188 1509 4241 aliter
1546 4187 1722 4242 sensit
1759 4191 1927 4257 atque
1968 4204 2088 4255 eg0,
2128 4203 2242 4240 non
2281 4187 2482 4252 habe0‚

248 4227 396 4326 quod
446 4259 585 4312 meis
632 4258 862 4325 addam3
920 4257 1199 4327 integram
1250 4259 1437 4328 potius
1482 4259 1657 4313 malui
1704 4259 2024 4327 legentibus
2063 4257 2266 4312 offerre
2302 4275 2486 4311 meam

250 4330 779 4383 commentationem
817 4299 1251 4397 comparandam
1292 4347 1420 4383 cum
1458 4329 1835 4384 Schoelliana.

1988 4417 2059 4471 1*
