3025 4909
1097 199 1537 256 ..63-

140 385 468 459 potestas
512 401 695 459 penes
742 380 991 457 synodos
1037 380 1216 440 fuisse
1256 380 1533 439 videatur
1577 378 1680 454 (ib.
1714 379 1772 451 3,
1805 379 1907 453 85,
1937 397 1996 456 p.
2032 378 2203 455 228).
2263 378 2431 437 Haec

143 477 361 529 tanta
416 471 743 552 auctoritas
789 476 952 529 certo
1000 470 1315 546 singularis
1376 475 1530 540 erat,
1590 488 1699 527 nec
1738 474 1959 528 ‘tamen
2018 467 2286 526 miranda
2343 473 2433 526 est

147 560 261 633 iis,
325 560 447 637 qui
492 562 567 619 ab
612 560 715 619 illo
763 561 891 637 ipso
937 560 1295 619 monasterio
1328 557 1565 618 Hiiensi
1611 578 1813 616 omnes
1859 558 1989 615 illas
2035 558 2322 634 regiones,
2368 558 2430 615 in
2464 589 2471 594 ·

152 651 415 727 quibus
448 650 847 727 principatum
872 651 1132 722 tenebat,
1165 668 1331 707 sacra
1357 647 1679 707 christiana
1702 646 2026 725 suscepisse
2057 648 2120 705 in
2152 646 2432 705 memoria

153 738 605 798 custodierint.

374 826 656 887 Alterum
688 828 852 901 illud,
902 785 1105 905 quod
1089 848 1220 907 1900
1249 827 1445 886 11101110·
1465 827 1627 885 Jona
1657 825 1874 884 habere
1906 826 2133 885 solebat
2162 843 2434 907 semper

162 918 477 976 abbatem
527 909 973 996 presbyterum,
1034 923 1095 977 et
1158 917 1350 994 ipsum
1412 916 1709 992 singulare
1754 915 1934 973 fuisse
1981 914 2252 992 equidem
2297 934 2430 993 per·

164 1019 440 1065 suasum
487 1007 634 1066 mihi
681 1007 885 1080 habeo,
933 1007 1046 1065 etsi
1091 1027 1210 1065 non
1255 1026 1427 1082 nego.
1453 1026 1547 1063 me
1593 1004 1839 1076 nescire,
1885 1025 1961 1063 an
2008 1004 2154 1062 alibi
2201 1024 2431 1081 quoque

164 1116 699 1177 nonnunquam
757 1097 1004 1155 abbates
1072 1095 1409 1174 presbyteri
1475 1095 1565 1152 ita
1633 1093 1999 1172 praefuerint
2058 1089 2434 1153 monasteriis

172 1186 597 1263 episcopalem
645 1206 846 1244 curam
910 1185 972 1243 in
1033 1206 1140 1244 sua
1200 1184 1443 1261 regione
1503 1183 1873 1260 gerentibus,
1935 1189 2004 1241 ut
2065 1183 2179 1259 ipsi
2242 1203 2433 1260 neque

173 1275 525 1353 episcopali
584 1276 879 1352 dignitate
940 1276 1208 1333 exornati
1268 1274 1491 1332 fuerint
1553 1293 1744 1350 neque
1814 1272 2133 1350 episcopali
2192 1293 2434 1331 munere

174 1364 391 1424 functi
439 1364 612 1424 sint.1
667 1363 992 1424 'Attamen
1038 1384 1190 1441 nego
1235 1363 1414 1423 fuisse
1475 1362 1593 1421 alia
1639 1361 1847 1421 similis
1893 1361 2268 1420 auctoritatis
2313 1380 2433 1419 mo·

176 1453 482 1526 nasteria,
531 1453 747 1531 quibus
789 1472 1062 1535 semper
1119 1454 1366 1512 abbates
1427 1452 1762 1530 presbyteri
1807 1458 2164 1528 praeessent.
2255 1449 2434 1509 Certe

180 1543 369 1602 Beda
411 1543 550 1601 huic
591 1549 829 1602 nostrae
859 1543 1187 1603 sententiae
1215 1542 1384 1602 favit.
1445 1541 1599 1599 Nam
1630 1562 1761 1599 cum
1801 1541 1980 1599 moris
2010 1539 2167 1598 illius
2199 1559 2433 1598 causam

186 1632 417 1692 afferat
464 1629 795 1709 exemplum
842 1632 1020 1710 primi
1067 1632 1325 1691 doctoris
1371 1630 1531 1689 illius
1563 1629 1952 1707 (Columbae),
2002 1631 2253 1706 quinon
2284 1629 2434 1707 epis-

188 1742 383 1800 copus
416 1723 519 1781 sed
550 1723 931 1799 presbyteras
963 1721 1261 1781 exstiterit
1292 1726 1353 1779 et
1382 1720 1718 1790 monachus,
1751 1725 2003 1797 apparet
2034 1740 2165 1777 eum
2196 1725 2435 1796 putasse

190 1811 454 1870 eundem
500 1831 721 1869 morem
766 1832 885 1869 non
929 1811 1185 1870 inveniri
1215 1811 1278 1868 in
1323 1810 1397 1868 iis
1427 1810 1754 1868 Hiberniae
1786 1808 2140 1884 regionibus,
2176 1829 2326 1884 quae
2358 1807 2435 1865 ab

191 1900 542 1960 Hiiensium
566 1900 824 1959 dominio
849 1900 1072 1959 liberae
1105 1906 1292 1958 erant.
1348 1899 1522 1973 Quod
1551 1898 1601 1958 si
1624 1898 1711 1956 ita
1743 1904 1846 1971 est,
1878 1897 2053 1956 aliam
2085 1904 2266 1974 atque
2290 1918 2435 1968 eam,

198 2010 385 2066 quam
430 1990 598 2052 Beda
627 1991 873 2068 profert,
919 1990 1100 2052 moris
1130 1989 1289 2048 illius
1321 2009 1559 2048 causam
1590 2008 1871 2065 quaerere
1911 1987 2149 2045 minime
2181 1991 2437 2065 oportet.

387 2077 634 2138 Summa
658 2079 846 2155 igitur
876 2085 1113 2138 nostrae
1144 2079 1217 2138 de
1247 2078 1514 2136 Hiiensis
1545 2077 1887 2136 monasterii
1921 2077 2276 2136 auctoritate
2307 2096 2436 2135 sen-

203 2168 433 2227 tentiae
464 2169 607 2227 haec
638 2174 753 2228 est:
787 2168 1170 2247 Principatus
1198 2168 1314 2241 ille,
1349 2188 1523 2245 quem
1552 2166 1973 2225 monasterinm
1997 2165 2243 2224 Hiiense
2273 2172 2435 2224 tene-

203 2258 328 2330 bat,
354 2258 631 2336 primitus
655 2258 986 2316 simillimus
1012 2264 1141 2316 erat
1165 2258 1235 2330 ei,
1262 2277 1434 2333 quem
1459 2257 1649 2315 multa
1670 2256 1730 2312 in
1755 2255 2051 2314 Hibernia
2083 2254 2445 2314 monasteria

209 2348 583 2419 obtinebant,
632 2347 735 2406 sed
766 2354 973 2425 postea
1020 2368 1149 2406 cum
1199 2347 1338 2423 quia
1382 2353 1511 2405 tota
1543 2365 1686 2422 gens
1716 2345 2023 2403 Pictorum
2057 2344 2142 2421 [et
2170 2345 2438 2405 Nordan-

208 2436 617 2513 hymbrorum]
665 2438 740 2495 ab
787 2437 931 2514 ipsis
962 2437 1310 2495 Hiiensibus
1342 2437 1404 2493 in
1437 2436 1783 2496 societatem
1814 2433 2090 2493 ecclesiae
2137 2439 2439 2512 assumpta

214 2532 320 2598 est,
356 2532 482 2584 tum
522 2526 662 2600 quia
685 2546 886 2585 omnes
912 2525 1234 2584 Columbae
1267 2544 1625 2584 successores
1663 2523 1968 2602 deprecari
1994 2523 2262 2582 solebant
2287 2524 2437 2601 epis-

214 2616 475 2692 copalem
522 2614 892 2690 dignitatem,
941 2636 1059 2692 qua
1091 2614 1397 2687 Columba,
1445 2615 1665 2693 quippe
1698 2612 1793 2671 cui
1822 2611 1995 2670 initio
2042 2632 2112 2671 ea
2144 2633 2291 2689 opus
2321 2632 2441 2670 non

216 2708 384 2775 esset,
415 2708 705 2775 caruerat,
737 2705 876 2762 talis
900 2712 988 2764 est
1010 2707 1222 2777 factus,
1247 2709 1316 2761 ut
1336 2709 1574 2762 tantum
1605 2702 1695 2761 sui
1717 2701 1921 2761 similis
1945 2699 2127 2760 fuisse
2148 2702 2439 2761 videatur.

394 2789 556 2850 Satis
609 2790 753 2849 haec
812 2793 974 2851 dicta
1021 2801 1242 2868 essent,
1305 2792 1420 2851 nisi
1465 2792 1694 2868 reliqna
1742 2797 1898 2851 esset
1940 2810 2058 2847 una
2104 2791 2176 2849 de
2221 2791 2332 2850 hac
2376 2811 2440 2848 re

222 2880 503 2958 quaestiO.
592 2879 746 2939 Nam
794 2902 925 2940 cum
972 2902 1164 2959 neque
1210 2882 1370 2961 apud
1417 2880 1628 2940 Scotos
1671 2880 2049 2958 privilegium
2095 2885 2214 2938 non
2260 2880 2445 2938 fuerit

222 2971 623 3048 episcoporum
678 2991 1018 3030 consecrare
1064 2974 1442 3049 presbyteros
1487 2975 1668 3045 atque
1716 2969 2038 3047 episcopos,
2084 2989 2263 3048 porro
2310 2990 2441 3027 011111

227 3064 446 3119 constet
506 3065 666 3117 certe
726 3080 1167 3136 nonnumquam
1230 3079 1329 3118 eos
1394 3059 1696 3136 episcopos
1714 3104 1731 3130 ,
1792 3058 1894 3135 qui
1955 3059 2161 3118 abbati
2205 3058 2441 3117 Hiiensi

229 3147 469 3223 subjecti
515 3153 703 3221 erant,
752 3156 1123 3209 consecratos
1169 3170 1291 3208 esse
1337 3148 1400 3205 in
1445 3148 1576 3224 ipsa
1622 3148 1813 3206 insula
1841 3146 1889 3206 J
1889 3167 2002 3205 ona
2050 3147 2242 3223 (Beda
2286 3146 2342 3207 11.
2390 3167 2440 3206 0.

231 3239 284 3308 3,
330 3238 381 3309 3,
426 3239 460 3315 ξ
497 3237 640 3309 164,
690 3239 760 3295 cf.
811 3239 867 3311 3,
923 3241 1021 3310 17,
1066 3239 1102 3316 ξ
1140 3239 1306 3314 196),
1355 3236 1590 3296 exsistit
1638 3236 1923 3313 quaestio,
1968 3257 2005 3293 a
2052 3255 2306 3312 quonam
2353 3235 2443 3292 illi

230 3327 352 3385 sint·
395 3328 737 3387 consecrati.
830 3328 995 3402 Quae
1060 3327 1360 3404 quaestiO,
1433 3347 1564 3384 cum
1626 3327 1752 3403 ipse
1816 3326 2002 3384 abbas
2060 3326 2443 3402 presbyterus

229 3415 371 3474 haud
416 3415 595 3473 dubie
643 3416 947 3494 episcopos
977 3436 1096 3475 non
1127 3415 1559 3475 consecraverit
1590 3416 1858 3490 neglecto
1899 3415 2120 3473 honore
2167 3414 2442 3492 episcopo

233 3505 418 3563 debito
450 3505 546 3580 (cf.
563 3524 758 3606 supra
787 3526 845 3583 p.
881 3505 1007 3580 58),
1052 3506 1210 3564 redit
1239 3505 1314 3562 ad
1345 3505 1527 3575 1110111,
1574 3523 1714 3560 1111111
1745 3503 1807 3560 111
1855 3503 2102 3562 ecclesia
2134 3502 2443 3562 Scotorum

232 3595 435 3652 suerint
480 3593 743 3671 episcopi
774 3594 949 3653 certis
982 3594 1332 3670 quibusdam
1364 3593 1605 3652 sedibus
1633 3613 1751 3650 non
1798 3593 2060 3670 ascripti,
2102 3592 2203 3651 sed
2235 3592 2443 3650 nihilo-

236 3684 406 3742 minus
453 3682 773 3759 episcopali
820 3682 1113 3760 dignitate
1162 3682 1444 3741 exornati.
1537 3681 1803 3740 Dubium
1849 3682 2003 3739 enim
2051 3687 2163 3755 est,
2225 3687 2443 3754 utrum,

239 3772 284 3830 si
336 3792 476 3848 quae
537 3772 602 3830 111
663 3772 1017 3831 monasterio
1065 3772 1302 3831 Hiiensi
1362 3770 1829 3832 administranda
1889 3776 2061 3828 erant
2118 3770 2445 3829 ministeria

240 3860 600 3939 episcopalia,
664 3861 837 3919 acciti
898 3862 1043 3934 sint,
1108 3862 1265 3937 quod
1329 3860 1584 3918 Skenius
1643 3866 1820 3937 putat
1865 3859 1985 3934 (Π,
2033 3880 2090 3936 p.
2145 3859 2267 3918 163
2315 3863 2443 3936 sq.,)

243 3950 526 4028 episcopua
572 3906 1072 4027 Cingaradhensis
1118 3952 1211 4009 vel
1258 3951 1330 4008 de
1377 3949 1672 4007 Hibernia
1732 3948 2003 4024 quidam,
2062 3969 2136 4006 an
2197 3949 2260 4006 in
2315 3949 2445 4026 ipsa

242 4040 411 4099 insula
452 4038 614 4097 Jona
674 4039 832 4098 inter
890 4039 1207 4098 monachos
1266 4039 1448 4097 fuerit
1508 4058 1661 4096 unus
1722 4039 1816 4097 vel
1876 4038 2081 4115 plures
2124 4037 2445 4115 episcopali

198 4196 205 4204 ⁸
244 4128 511 4206 dignitate
555 4129 769 4190 ornati.

367 4324 384 4354 ¹
421 4320 510 4375 De
547 4320 655 4375 hac
693 4336 754 4373 re
793 4318 906 4373 vid.
945 4318 1094 4372 infra
1129 4336 1185 4386 p.
1224 4318 1311 4372 64.
