3025 4909
1166 197 1600 258 ..47-

200 384 562 456 putarent.
656 380 823 453 Quae
880 400 1011 438 cum
1065 379 1152 439 ita
1207 378 1351 453 sint,
1412 381 1666 439 fortasse
1722 380 1931 440 melius
1986 381 2058 439 de
2115 379 2208 439 his
2252 380 2505 440 Patricii

207 469 498 547 seriptis
549 468 807 543 judicari
862 469 1112 546 poterit,
1175 468 1224 526 si
1279 465 1496 545 Angli,
1561 470 1664 545 qui
1708 490 1834 527 rem
1883 473 2008 544 jam
2055 470 2321 546 aggressi
2367 476 2505 529 sunt

210 554 631 632 (Fac-similes
677 555 750 639 of
781 553 1047 617 national
1075 551 1264 615 MSS.
1298 555 1372 638 of
1406 554 1654 617 Ireland
1698 559 1787 618 ed.
1819 559 1900 634 by
1930 557 2185 632 Gilbert,
2234 594 2307 603 -—
2359 579 2503 636 quos

212 648 444 705 libros
492 646 740 724 adipisci
787 667 905 704 non
951 647 1164 723 potui),
1212 648 1285 704 de
1331 647 1476 725 ipsis
1514 648 1715 706 verbis
1762 653 1822 706 et
1868 649 1940 705 de
1988 647 2287 706 codicibus
2333 650 2505 725 plura

222 735 600 809 attulerint3
647 735 752 793 sed
797 735 916 793 nisi
959 737 1113 795 forte
1154 736 1507 795 vetustiores
1556 736 1785 795 codices
1815 737 2226 813 reperiuntur,
2275 738 2502 810 dubito,

227 846 458 883 annon
505 825 743 883 omnino
790 845 886 883 res
933 824 1251 899 dijudicari
1295 826 1500 903 possit.

421 914 575 987 'Qua
621 914 694 971 de
742 933 919 972 causa
963 913 1219 990 benigne
1273 913 1503 988 judicet
1551 914 1817 990 quisquis
1863 915 2023 991 leget
2069 915 2141 974 de
2188 915 2288 988 iis,
2353 936 2504 992 quae

233 1004 582 1080 proferam,
653 1022 845 1079 neque
917 1003 1203 1080 postulet,
1273 1010 1343 1061 ut
1402 1002 1858 1061 innumerabiles
1917 1004 2050 1062 illas
2112 1003 2502 1081 quaestiones,

245 1113 413 1169 quas
466 1092 631 1169 ipsae
687 1091 941 1149 Patricii
995 1091 1281 1150 confessio
1337 1097 1398 1150 et
1451 1093 1706 1169 epistula
1753 1093 2089 1168 legentibus
2144 1098 2503 1170 proponunt,

242 1182 487 1240 Solvere
547 1201 739 1239 coner.
851 1180 1041 1238 Immo
1102 1180 1281 1239 liceat
1349 1181 1495 1239 mihi
1558 1177 1787 1240 omissis
1848 1182 2144 1253 omnibus,
2218 1201 2368 1258 quae
2429 1182 2506 1240 ad

243 1276 524 1328 nostram
580 1289 704 1327 rem
760 1290 879 1327 non
933 1269 1258 1347 pertinent,
1320 1270 1404 1327 nil
1469 1270 1631 1328 aliud
1688 1290 1974 1347 quaerere
2031 1271 2169 1342 nisi,
2232 1290 2372 1328 num
2431 1271 2504 1328 de

248 1357 687 1417 consuetudine
742 1358 996 1416 Patricii
1061 1378 1193 1415 cum
1249 1358 1535 1418 Romanis
1599 1359 1788 1437 ipsius
1843 1359 2068 1436 scripta
2122 1359 2349 1435 aliquid
2405 1360 2504 1417 do-

254 1454 454 1506 ceant.
544 1448 760 1523 Itaque
830 1447 1041 1505 omitto
1111 1448 1475 1524 argumentis
1546 1446 1890 1506 confirmare
1952 1448 2374 1507 confessionem
2446 1453 2506 1506 et

255 1537 580 1615 epistulam
638 1536 999 1594 adulterinas
1055 1557 1173 1594 non
1234 1557 1377 1596 esse.
1467 1536 1622 1597 Nam
1676 1545 1739 1596 et
1792 1537 1919 1614 ipse
1975 1535 2331 1609 Schoellius,
2402 1537 2506 1612 qui

254 1626 523 1702 genuina
584 1646 653 1683 ea
715 1644 840 1683 esse
901 1624 1150 1683 Patricii
1220 1626 1443 1703 scripta
1512 1632 1840 1702 negaverat
1900 1626 2065 1702 (diss.
2112 1646 2169 1703 p.
2220 1627 2301 1683 68
2350 1627 2503 1701 sqq.)

251 1721 470 1793 postea
528 1715 821 1791 (Herzog,
881 1714 957 1773 R.
1013 1714 1111 1791 E.)
1165 1718 1300 1789 jure
1355 1715 1518 1773 illam
1575 1715 1932 1774 sententiam
1959 1715 2278 1792 deposuit.
2369 1714 2506 1774 Etsi

255 1804 421 1862 enim
467 1804 750 1862 nonnulla
795 1803 1188 1880 suspicionem
1243 1810 1511 1877 movent,
1573 1810 1772 1862 tamen
1818 1804 2173 1880 negligenda
2219 1809 2383 1877 sunt,
2445 1809 2506 1861 et

260 1893 423 1969 quia,
471 1912 621 1969 quae
668 1893 891 1950 fuerint
936 1892 1194 1968 genuina
1226 1893 1607 1952 confessionis
1641 1893 1837 1965 verba,
1885 1891 2118 1950 definiri
2158 1913 2277 1950 non
2308 1898 2507 1969 potest

260 1988 327 2039 et
373 1982 511 2058 quia
557 1982 633 2039 ad
678 1979 1089 2056 dijudicandas
1147 1981 1364 2040 saeculi
1412 1981 1609 2060 quinti
1662 2002 1759 2040 res
1814 1981 2029 2040 idonea
2073 1981 2245 2041 nobis
2291 1981 2506 2040 desunt

258 2071 622 2145 adjumenta.
788 2071 793 2077 ’
2489 2121 2493 2124 ,

442 2160 601 2234 Quid
654 2159 842 2236 igitur
895 2159 1024 2236 ipse
1081 2158 1378 2218 Patricius
1432 2160 1505 2217 de
1562 2181 1670 2218 sua
1723 2160 1911 2238 ipsius
1966 2160 2093 2219 vita
2146 2160 2316 2218 nobis
2373 2179 2506 2236 pro-

262 2248 463 2307 didit?
541 2248 708 2322 Quae
753 2268 848 2306 res
878 2248 1339 2325 haudquaquam
1369 2248 1562 2307 facilis
1610 2256 1699 2308 est
1743 2269 2048 2326 responsu,
2097 2269 2234 2307 nam
2265 2250 2386 2307 tale
2417 2254 2508 2307 est

261 2339 327 2395 in
383 2338 770 2409 confessione,
833 2337 1025 2413 qualis
1072 2357 1226 2394 nunc
1274 2342 1492 2410 exstat,
1553 2337 1836 2396 narrandi
1881 2358 2094 2414 genus,
2157 2344 2228 2396 ut
2272 2337 2507 2414 saepius

261 2446 459 2499 nemo,
525 2426 668 2501 quid
725 2425 841 2485 sibi
885 2426 1144 2485 voluerit
1189 2431 1414 2499 auctor,
1460 2427 1807 2504 intellegere
1855 2427 2058 2504 possit.
2151 2426 2319 2484 Haec
2364 2445 2505 2484 vero

262 2521 404 2574 sunt
451 2529 601 2591 quae
648 2535 721 2572 ex
765 2515 1050 2592 perplexa
1095 2514 1198 2572 illa
1243 2515 1586 2574 narratione
1634 2516 1909 2592 colligere
1957 2516 2126 2574 licet:

442 2603 758 2676 Patricius,
806 2604 1049 2662 natione
1094 2603 1269 2663 Brito
1317 2606 1493 2680 (conf.
1528 2605 1606 2663 H.
1641 2605 1757 2663 and
1789 2603 1876 2663 St.
1907 2603 1992 2677 II,
2028 2605 2084 2676 2,
2124 2626 2181 2681 p.
2217 2604 2371 2679 303)
2426 2603 2503 2660 16

264 2713 452 2751 annos
482 2698 659 2750 natus
692 2693 965 2768 captivus
996 2693 1058 2750 in
1090 2692 1448 2751 Hiberniam
1489 2698 1580 2752 est
1626 2694 1931 2766 abductus,
1977 2693 2115 2751 inde
2165 2694 2201 2750 6
2249 2692 2507 2770 peractis

262 2782 434 2841 annis
498 2779 788 2838 liberatus
847 2781 910 2839 in
970 2782 1227 2858 patriam
1287 2781 1526 2841 videtur
1583 2782 1924 2855 revertisse,
1985 2782 2089 2841 sed
2138 2781 2293 2859 [nisi,
2349 2780 2507 2856 quod
2561 2785 2568 2792 '

264 2871 537 2946 equidem
585 2870 813 2947 opinor,
861 2869 1238 2950 librariorum
1276 2871 1643 2947 negligentia
1673 2870 1976 2948 duplicata
2007 2876 2096 2928 est
2124 2890 2244 2928 una
2276 2870 2506 2928 eadem-

267 2980 379 3036 que
411 2958 674 3017 narratio
703 2958 752 3035 1]
794 2959 1010 3017 iterum
1059 2965 1268 3036 captus
1317 2966 1407 3018 est
1454 2981 1560 3018 nec
1606 2980 1747 3020 vero
1793 2980 1911 3018 non
1958 2960 2171 3018 iterum
2219 2959 2508 3017 liberatus

263 3048 475 3107 iterum
516 3045 580 3106 in
623 3044 949 3107 Britannia
1003 3056 1128 3106 erat
1182 3067 1315 3106 cum
1359 3046 1723 3127 parentibus.
1814 3048 1915 3107 Ibi
1972 3069 2103 3107 cum
2160 3053 2505 3118 moraretur,

265 3136 636 3195 mirabilibus
684 3137 1042 3195 somniorum
1092 3137 1399 3213 speciebus
1444 3136 1758 3196 invitatus·
1782 3143 1888 3210 est,
1934 3143 2004 3196 ut
2032 3136 2344 3194 Hiberniis
2375 3156 2505 3194 ver·

265 3227 403 3284 bum
451 3226 549 3283 dei
594 3225 964 3301 praedicaret
1010 3260 1092 3269 ——-
1143 3231 1203 3283 et
1250 3226 1514 3302 profecto
1554 3234 1691 3304 post
1737 3224 2037 3305 plurimos
2091 3243 2275 3284 annos
2330 3225 2505 3299 (conf.

266 3336 322 3392 p.
357 3315 511 3390 303)
556 3311 878 3393 imperante
926 3310 1162 3372 Christo
1207 3314 1312 3389 (ib.
1358 3335 1417 3392 p.
1453 3315 1606 3390 309)
1653 3333 1771 3375 non
1824 3312 1944 3373 sine
1997 3313 2105 3373 deo
2157 3331 2260 3372 owe
2310 3305 2504 3371 secun-

266 3401 409 3462 dum
456 3421 693 3462 carnem
739 3403 937 3481 (epist.
984 3424 1041 3480 p.
1077 3404 1231 3479 316)
1278 3403 1341 3461 in
1386 3404 1743 3461 Hiberniam
1804 3403 2104 3481 pervenit,
2167 3401 2505 3461 Scotorum·

266 3512 378 3567 que
427 3492 614 3549 multa
663 3491 824 3549 milia
869 3492 945 3550 ad
993 3510 1196 3551 verum
1243 3491 1340 3550 dei
1387 3492 1613 3550 cultum
1660 3493 1970 3552 convertit.
2055 3492 2178 3551 Ubi
2211 3487 2508 3570 plurimos

269 3582 397 3639 illos
444 3599 630 3637 annos
677 3579 925 3657 degerit,
973 3601 1046 3638 ne
1092 3601 1209 3638 uno
1244 3581 1481 3656 quidem
1514 3583 1696 3640 verbo
1729 3581 2027 3640 Patricius
2072 3580 2358 3658 prodidit,
2405 3578 2508 3638 sed

266 3672 408 3730 satis
454 3667 665 3727 habuit
709 3669 927 3729 dixisse
973 3668 1210 3746 saepius
1256 3690 1317 3727 se
1365 3690 1489 3728 esse
1536 3670 1823 3729 servitute
1879 3671 2220 3739 liberatum,
2281 3669 2505 3746 disper-

267 3779 392 3816 sum
452 3778 514 3817 se
576 3776 701 3815 esse
762 3756 863 3828 „in
917 3755 1177 3837 yentibus
1236 3755 1503 3831 multis“‚.
1555 3760 1839 3818 maximas
1908 3759 2326 3818 tribulationes
2382 3776 2508 3815 esse

267 3866 604 3925 perpessum
666 3847 1024 3922 summisque
1084 3848 1145 3903 in
1208 3848 1484 3923 periculis
1547 3855 1864 3908 versatum.
1968 3849 2128 3922 Quin
2192 3847 2374 3906 etiam
2434 3866 2507 3904 ne

267 3936 328 3993 id
388 3935 628 4011 quidem
686 3937 959 4012 cognosci
1016 3941 1237 4012 potest,
1306 3942 1508 3994 utrum
1564 3944 1729 3996 recta
1784 3937 1881 3997 via
1938 3958 2010 3996 ex
2063 3936 2384 3996 Britannia
2445 3935 2507 3992 in

444 4164 465 4194 ²
502 4161 673 4227 Nam,
732 4166 796 4214 ut
834 4160 946 4214 alia
983 4161 1270 4227 omittam,
1328 4165 1567 4231 utraque
1614 4163 1892 4229 narratiO,
1952 4181 2006 4231 p.
2049 4165 2148 4217 301
2192 4166 2250 4215 et
2285 4180 2340 4232 p.
2383 4162 2504 4227 302,

269 4234 573 4316 Patricium
624 4233 897 4287 servitute
946 4232 1251 4286 liberatum
1301 4233 1371 4286 ‘28
1418 4234 1540 4286 dies
1588 4252 1692 4303 per
1742 4235 1967 4287 deserta
2013 4235 2139 4286 loca
2188 4237 2381 4286 narrat
2421 4250 2506 4285 er·

268 4322 496 4359 ravlsse.
