3025 4909
1140 197 1571 254 ...73-

182 374 591 433 monachum
641 373 706 433 in
756 373 1135 433 matrimonio
1189 374 1485 434 viventem
1529 373 1853 434 invenissse
1864 373 1907 446 ¹,
1963 375 2141 432 immo
2186 375 2472 451 reperisse

200 463 402 541 apud
431 462 849 522 Adamnanum
879 462 1386 524 narratiunculam
1416 463 1733 540 quandam,
1761 483 1916 540 quae
1947 464 2291 540 comprobet
2323 463 2469 523 Sco·

198 558 434 611 torum
460 552 700 612 clericos
720 551 942 613 vixisse
962 553 1028 611 in
1048 551 1465 627 „castitate“
1487 553 1830 612 monachica
1845 552 2127 629 (Adamn.
2143 552 2251 612 vit.
2270 552 2396 611 Col.
2414 552 2472 626 2,

210 641 342 714 55,
376 663 436 724 p.
471 643 625 700 217·
669 649 721 700 et
758 637 2471 725 quiaidemNhomoplebqiueemtcmnuoeoreetfiliis,

207 727 345 790 hoc
402 728 577 790 etiam
639 729 693 789 ei
745 750 837 790 tm·
889 728 1087 791 beatus
1136 729 1539 792 benedictionis
1583 738 1959 812 auymentum
1999 727 2190 791 intulit
2244 730 2474 791 dicem:

210 818 347 880 erit
386 838 579 879 eemm
622 827 787 878 tuum
831 818 975 900 etc..)

419 907 769 968 Sanctorum
806 908 1061 985 denique
1092 910 1252 987 apud
1276 908 1488 974 Scotos
1518 909 1766 968 summis
1792 909 1857 967 in
1887 908 2207 968 honoribus
2237 909 2471 969 habito·

220 1017 374 1057 :rum
417 999 603 1057 multa
647 1004 934 1057 occurant
978 1000 1265 1076 exemplaa
1352 997 1644 1058 Omittam
1691 1003 2043 1075 argumenta
2087 1018 2161 1056 ex
2203 998 2471 1074 reliquiis

224 1086 528 1164 liturgicis
572 1087 901 1165 dmmpta,
948 1107 1087 1145 nam
1134 1107 1265 1146 cum
1310 1087 1423 1146 hae
1464 1107 1666 1147 omnes
1693 1088 1929 1147 saeculo
1960 1088 2211 1165 septimo
2242 1088 2472 1165 priores

231 1193 359 1235 non
418 1176 542 1235 sint
602 1175 908 1251 (Warren,
966 1198 1026 1255 p.
1081 1177 1257 1253 155),
1317 1196 1435 1235 non
1492 1177 1621 1236 sine
1679 1195 1864 1253 opera
1907 1175 2312 1235 Romanorum
2373 1196 2473 1234 eas

226 1266 596 1342 compositas
652 1285 778 1324 esse
823 1265 1097 1324 Ebrardo
1153 1266 1404 1325 forsitan
1458 1266 1642 1325 liceat
1692 1265 2046 1325 contendere
2089 1267 2190 1341 (cf.
2235 1286 2293 1343 p.
2347 1265 2464 1322 121

230 1360 300 1414 et
344 1371 403 1431 p.
452 1354 625 1431 515),
682 1354 803 1427 sed,
863 1355 915 1412 si
959 1354 1125 1427 libet,
1170 1354 1373 1415 videas
1418 1354 1706 1414 Oumeani
1748 1355 2060 1432 epistulam
2109 1356 2192 1433 (p.
2241 1356 2351 1430 21)
2399 1354 2472 1412 de

234 1441 460 1503 Sancto
523 1442 815 1520 Gregorio
876 1464 1036 1522 papa
1093 1443 1388 1504 dicentem
1449 1449 1510 1503 et
1568 1443 1913 1503 Adamnani
1970 1443 2254 1521 plurimos
2311 1444 2473 1502 locos

231 1533 324 1608 (2,
361 1531 461 1605 74,
493 1553 550 1610 p.
585 1533 742 1604 224;
783 1533 841 1606 2,
875 1533 977 1606 81,
1008 1553 1065 1610 p.
1100 1534 1255 1605 2263
1304 1534 1361 1607 2,
1394 1534 1496 1607 82,
1541 1553 1600 1611 p.
1635 1534 1807 1608 226).
1882 1532 2109 1607 Quodsi
2153 1531 2472 1592 secundum

210 1641 311 1679 -ex
355 1621 477 1682 illis
505 1620 850 1680 Adamnani
892 1622 1039 1681 locis
1082 1623 1316 1699 legeris,
1360 1642 1479 1699 quo
1526 1629 1733 1681 narrat
1775 1643 1838 1681 se
1882 1622 2076 1699 ipsum
2121 1641 2253 1680 cum
2299 1620 2473 1680 sociis

234 1710 534 1787 quondam
550 1710 857 1770 invocasse
870 1709 1321 1770 St-ssolumbam
1338 1712 1432 1770 his
1450 1712 1674 1771 verbis:
1701 1707 1975 1771 Placetne
1986 1708 2108 1781 abi,
2127 1708 2344 1771 Sancte
2356 1754 2370 1768 .
2387 1754 2403 1768 .
2420 1703 2472 1768 ..9

236 1794 445 1858 Facile
492 1796 597 1858 tibi
638 1807 736 1870 est,
771 1842 786 1857 .
818 1843 833 1857 .
866 1842 914 1871 .‚
962 1819 1002 1858 a
1039 1798 1278 1860 domino
1307 1799 1640 1881 impetrare,
1683 1808 1747 1860 ut
1778 1844 1794 1858 .
1827 1844 1841 1858 .
1872 1806 2035 1858 certo
2065 1799 2276 1858 melius
2303 1799 2472 1858 testi-

233 1887 499 1947 monium
558 1908 677 1946 non
732 1888 1097 1948 desiderabis
1142 1891 1241 1965 (cf.
1286 1890 1529 1950 Ebrard
1576 1911 1632 1967 p.
1687 1890 1857 1964 118).
1944 1888 2062 1947 His
2120 1887 2309 1964 igitur
2367 1888 2471 1946 ab·

233 1976 448 2035 solutis
505 1983 568 2036 et
626 1977 690 2035 in
751 1983 1085 2055 posterum,
1143 1998 1298 2056 quae
1354 1979 1429 2037 de
1474 1977 1766 2038 Columba
1809 1977 2177 2037 Luxoviensi
2219 1976 2472 2035 dicenda

233 2070 396 2137 sunt,
440 2065 753 2127 reservatis
797 2067 1054 2139 tandem,
1101 2072 1170 2126 ut
1212 2068 1586 2147 propositum
1631 2072 1741 2140 est,
1783 2086 2154 2143 quaeramus,
2200 2079 2353 2143 quae
2399 2086 2473 2124 ex

722 2243 1332 2327 nordanhymum
1379 2243 1687 2311 ecclesiae
1731 2242 1984 2308 *historia

230 2384 311 2443 de
361 2384 638 2444 ecclesiae
671 2385 980 2447 Scotorum
1014 2396 1228 2447 natura
1275 2394 1336 2446 et
1381 2388 1645 2446 moribus
1677 2385 1946 2466 inprimis
1989 2385 2065 2445 de
2111 2385 2303 2446 causis
2334 2406 2469 2448 con·

235 2473 561 2533 troversiae
609 2495 738 2533 cum
784 2473 1072 2536 Romanis
1116 2477 1393 2554 cognosci
1435 2476 1684 2555 possint.

413 2561 490 2621 In
533 2561 1056 2643 Nordanhymbria
1102 2565 1275 2640 enim,
1321 2586 1504 2643 regno
1552 2564 1711 2625 inter
1755 2572 1980 2643 septem
2027 2557 2131 2624 illa
2171 2561 2473 2624 Saxonum

230 2671 425 2727 regna
464 2651 725 2710 omnium
754 2656 1027 2729 maximo,
1075 2649 1222 2714 duas
1252 2654 1543 2732 regiones,
1575 2651 1914 2713 Berniciam
1946 2660 2006 2713 et
2036 2653 2300 2727 Beiram,
2334 2673 2469 2712 con·

212 2738 483 2825 ‘tinenti‚
516 2738 683 2798 Scoti
715 2737 1407 2803 ecclesiae‘fundamenta
1430 2746 1725 2820 jecerunt,
1773 2763 2110 2819 quanquam
2141 2762 2260 2803 non
2291 2741 2472 2820 primi

236 2823 300 2889 N
303 2825 754 2906 ordanhymbris
800 2831 1170 2908 evangelium
1223 2829 1737 2911 praedicaverunt.
1829 2832 1984 2890 Nam
2031 2836 2263 2892 constat
2317 2851 2471 2890 anno

242 2918 370 2975 627
418 2917 754 2992 Paulinum,
816 2918 1145 2997 Augustini
1193 2921 1618 2981 Cantuarensis
1680 2920 1947 2998 episcopi
2004 2920 2254 2994 socium,
2314 2920 2473 2980 inter

216 3006 481 3066 *comites
527 3006 956 3086 Aedilbergae,
1020 3007 1474 3069 Cantuariorum
1538 3009 1698 3087 regis
1758 3010 1945 3082 filiae,
2001 3007 2282 3069 Aeduino
2344 3008 2473 3086 regi

232 3095 864 3173 Nordanhymbrorum
910 3105 1225 3177 nupturae,
1270 3097 1332 3155 in
1362 3097 1945 3174 Nordanhymbriam
1990 3099 2223 3158 venisse
2269 3095 2472 3174 ibique

215 3183 372 3267 ‚ipso
417 3206 555 3262 rege
603 3190 664 3243 et
709 3187 918 3266 populi
965 3208 1083 3246 non
1129 3207 1318 3265 parva
1365 3187 1746 3246 multitudine
1777 3187 1853 3245 ad
1883 3186 2058 3246 fidem
2090 3185 2472 3246 christianam

237 3275 536 3333 conversis
581 3273 977 3335 Eboracensis
1022 3275 1188 3335 urbis
1247 3269 1503 3354 primum
1552 3276 1848 3335 exstitisse
1895 3276 2233 3355 episcopum
2277 3275 2474 3352 (Beda

238 3364 294 3420 h.
344 3383 392 3420 e.
442 3364 498 3436 2,
536 3364 796 3442 9-17).
860 3364 977 3423 Sed
1024 3359 1175 3441 quae
1222 3365 1366 3424 tunc
1414 3386 1547 3424 cum
1592 3363 1655 3423 in
1693 3364 1975 3424 Bernicia
2020 3371 2150 3425 tum
2187 3365 2258 3446 ¹in
2288 3364 2475 3425 Deira

234 3452 333 3527 (cf.
378 3451 602 3528 Bright
646 3474 705 3530 p.
759 3451 881 3512 119
931 3457 1043 3530 sq.)
1090 3451 1351 3514 effloruit
1396 3451 1643 3513 ecclesia
1698 3474 1836 3512 mox
1889 3461 2061 3514 tanta
2118 3460 2472 3534 tempestate

235 3547 328 3601 est
373 3541 598 3615 invasa,
642 3548 712 3601 ut
759 3563 889 3601 eam
935 3562 1073 3602 suus
1120 3544 1373 3622 amplius
1417 3543 1671 3602 nesciret
1700 3543 1881 3602 locus.
1940 3535 2120 3603 Anno
2155 3543 2309 3602 enim
2345 3541 2470 3601 633

383 3736 403 3766 1
443 3732 636 3788 Verba
653 3750 768 3786 non
789 3732 898 3786 feci
920 3732 990 3786 de
1003 3732 1317 3787 Tirechano
1338 3739 1605 3788 narrante
1620 3733 1977 3803 (BethamIL
1992 3750 2063 3804 ap
2138 3751 2193 3802 p.
2209 3732 2470 3802 XXIX):

237 3799 566 3869 Patricium,
595 3807 894 3873 postquam
920 3804 1047 3858 loco
1074 3805 1321 3888 quodam
1346 3805 1644 3859 ecclesiam
1671 3808 2054 3859 consecrasset
2066 3750 2218 3858 1liaeo
2239 3804 2471 3859 dixisse:

236 3877 404 3929 erunt
443 3875 674 3945 episcopi
717 3874 840 3930 boni
882 3871 970 3929 hic
1004 3878 1057 3928 et
1090 3875 1153 3930 de
1188 3875 1390 3930 semine
1424 3873 1643 3930 illorum
1678 3878 1840 3929 erunt
1873 3874 2130 3929 benedicti
2164 3876 2227 3931 in
2262 3876 2475 3930 saecula

236 3948 302 4001 in
339 3946 591 4001 cathedra
626 3947 741 4012 hac,
780 3963 911 3998 nam
948 3946 1192 4014 primum
1229 3947 1497 4001 obscurus
1537 3952 1625 4000 est
1658 3950 1813 4000 totus
1849 3946 1949 4000 ille
1985 3947 2143 4001 locus
2169 3978 2236 3989 —
2263 3948 2335 4001 de
2360 3947 2472 4014 spi-

237 4017 537 4071 ritualibus
588 4019 736 4071 enim
784 4016 917 4071 filiis
965 4018 1187 4072 locutus
1240 4035 1361 4073 esse
1410 4017 1639 4072 videtur
1688 4017 1969 4073 Patricius
2023 4018 2120 4087 (of.
2170 4019 2307 4072 ibid.
2354 4017 2476 4086 filia

236 4091 432 4144 sancta
467 4088 611 4143 Patr
612 4089 728 4158 icii)
768 4120 838 4129 —
877 4088 1084 4142 deinde
1130 4106 1246 4143 non
1294 4090 1407 4143 suis
1456 4089 1645 4143 verbis
1684 4107 1815 4143 usus
1854 4094 1940 4143 est
1976 4088 2258 4144 Patricius
2298 4090 2361 4159 (q
2362 4088 2477 4171 uod

241 4159 472 4230 quidem
511 4157 854 4214 Tirechanus
901 4162 1119 4228 narrat)
1170 4161 1269 4215 sed
1315 4160 1503 4214 verbis
1551 4159 1685 4214 libri
1731 4159 1873 4216 Gen.
1913 4161 1998 4226 12,
2038 4162 2086 4225 3,
2138 4160 2379 4231 denique
2429 4159 2476 4213 si

238 4231 634 4300 episcoporum
682 4230 787 4285 filii
835 4231 1121 4285 naturales
1171 4236 1358 4286 essent
1394 4229 1794 4302 intellegendi,
1846 4201 2000 4287 ideni
2038 4231 2108 4285 de
2145 4231 2253 4286 hac
2292 4249 2352 4286 re
2391 4232 2474 4285 di·

243 4301 483 4357 cendum
520 4306 683 4368 esset,
723 4302 875 4372 quod
907 4319 1077 4371 supra
1103 4301 1219 4357 dixi
1246 4304 1317 4356 de
1343 4303 1739 4371 episcoporum
1763 4304 2062 4359 Britonum
2085 4303 2472 4358 matrimoniis.
