<?xml version="1.0" encoding="UTF-8"?>
<!DOCTYPE html PUBLIC "-//W3C//DTD XHTML 1.0 Transitional//EN"
    "http://www.w3.org/TR/xhtml1/DTD/xhtml1-transitional.dtd">
<html xmlns="http://www.w3.org/1999/xhtml" xml:lang="en" lang="en">
 <head>
  <title>
</title>
<meta http-equiv="Content-Type" content="text/html;charset=utf-8" />
  <meta name='ocr-system' content='tesseract 3.04.00' />
  <meta name='ocr-capabilities' content='ocr_page ocr_carea ocr_par ocr_line ocrx_word'/>
</head>
<body>
  <div class='ocr_page' id='page_1' title='image "./deantiquabriton00loofgoog_0043.png"; bbox 0 0 3025 4909; ppageno 0'>
   <div class='ocr_carea' id='block_1_1' title="bbox 1119 220 1560 277">
    <p class='ocr_par' dir='ltr' id='par_1_1' title="bbox 1119 220 1560 277">
     <span class='ocr_line' id='line_1_1' title="bbox 1119 220 1560 277; baseline -0.002 -13"><span class='ocrx_word' id='word_1_1' title='bbox 1119 220 1560 277; x_wconf 68' lang='grc'>..37-</span> 
     </span>
    </p>
   </div>
   <div class='ocr_carea' id='block_1_2' title="bbox 162 391 2544 4378">
    <p class='ocr_par' dir='ltr' id='par_1_2' title="bbox 165 391 2470 1188">
     <span class='ocr_line' id='line_1_2' title="bbox 165 391 2466 478; baseline 0.001 -21"><span class='ocrx_word' id='word_1_2' title='bbox 165 398 521 478; x_wconf 77' lang='lat' dir='ltr'><strong>appulisse</strong></span> <span class='ocrx_word' id='word_1_3' title='bbox 566 397 894 458; x_wconf 78' lang='lat' dir='ltr'>Patricium</span> <span class='ocrx_word' id='word_1_4' title='bbox 955 397 1196 478; x_wconf 87' lang='lat' dir='ltr'><strong>putavit</strong></span> <span class='ocrx_word' id='word_1_5' title='bbox 1243 432 1326 442; x_wconf 92' lang='lat'><strong>—-</strong></span> <span class='ocrx_word' id='word_1_6' title='bbox 1374 417 1510 455; x_wconf 90' lang='lat' dir='ltr'><strong>nam</strong></span> <span class='ocrx_word' id='word_1_7' title='bbox 1565 416 1699 456; x_wconf 84' lang='lat' dir='ltr'><strong>cum</strong></span> <span class='ocrx_word' id='word_1_8' title='bbox 1747 391 1944 457; x_wconf 66' lang='lat' dir='ltr'><strong>Gallis</strong></span> <span class='ocrx_word' id='word_1_9' title='bbox 1998 398 2060 456; x_wconf 96' lang='lat' dir='ltr'><strong>in</strong></span> <span class='ocrx_word' id='word_1_10' title='bbox 2107 398 2466 459; x_wconf 83' lang='lat' dir='ltr'><strong>Hiberniam</strong></span> 
     </span>
     <span class='ocr_line' id='line_1_3' title="bbox 170 485 2468 566; baseline 0.001 -20"><span class='ocrx_word' id='word_1_11' title='bbox 170 508 339 546; x_wconf 86' lang='grc'>011111</span> <span class='ocrx_word' id='word_1_12' title='bbox 406 487 753 566; x_wconf 84' lang='lat' dir='ltr'><strong>pervenisse</strong></span> <span class='ocrx_word' id='word_1_13' title='bbox 814 492 1073 547; x_wconf 90' lang='lat' dir='ltr'><strong>testatur</strong></span> <span class='ocrx_word' id='word_1_14' title='bbox 1127 489 1210 566; x_wconf 91' lang='lat' dir='ltr'><strong>(p.</strong></span> <span class='ocrx_word' id='word_1_15' title='bbox 1257 485 1449 562; x_wconf 91' lang='lat' dir='ltr'><strong>XIX)</strong></span> <span class='ocrx_word' id='word_1_16' title='bbox 1502 519 1581 530; x_wconf 89' lang='lat'>—</span> <span class='ocrx_word' id='word_1_17' title='bbox 1630 492 1828 545; x_wconf 87' lang='lat' dir='ltr'><strong>tamen</strong></span> <span class='ocrx_word' id='word_1_18' title='bbox 1889 487 2190 564; x_wconf 81' lang='lat' dir='ltr'>prioribus</span> <span class='ocrx_word' id='word_1_19' title='bbox 2251 490 2468 549; x_wconf 89' lang='lat' dir='ltr'><strong>aetatis</strong></span> 
     </span>
     <span class='ocr_line' id='line_1_4' title="bbox 170 569 2470 658; baseline 0 -21"><span class='ocrx_word' id='word_1_20' title='bbox 170 598 361 637; x_wconf 75' lang='lat' dir='ltr'><strong>suae·</strong></span> <span class='ocrx_word' id='word_1_21' title='bbox 412 577 784 655; x_wconf 79' lang='lat' dir='ltr'>temporibus</span> <span class='ocrx_word' id='word_1_22' title='bbox 829 575 1161 636; x_wconf 76' lang='lat' dir='ltr'><strong>Patricium</strong></span> <span class='ocrx_word' id='word_1_23' title='bbox 1219 574 1523 657; x_wconf 73' lang='lat' dir='ltr'><strong>naviyasse</strong></span> <span class='ocrx_word' id='word_1_24' title='bbox 1569 594 1682 654; x_wconf 82' lang='lat' dir='ltr'><strong>per</strong></span> <span class='ocrx_word' id='word_1_25' title='bbox 1730 569 1962 636; x_wconf 78' lang='lat' dir='ltr'><strong>Gallias</strong></span> <span class='ocrx_word' id='word_1_26' title='bbox 2008 585 2177 658; x_wconf 76' lang='lat' dir='ltr'><strong>atque</strong></span> <span class='ocrx_word' id='word_1_27' title='bbox 2222 575 2470 638; x_wconf 80' lang='lat' dir='ltr'><strong>Italiam</strong></span> 
     </span>
     <span class='ocr_line' id='line_1_5' title="bbox 172 662 2467 747; baseline -0 -21"><span class='ocrx_word' id='word_1_28' title='bbox 172 675 397 727; x_wconf 86' lang='lat' dir='ltr'><strong>totam</strong></span> <span class='ocrx_word' id='word_1_29' title='bbox 445 674 615 747; x_wconf 81' lang='lat' dir='ltr'><strong>atque</strong></span> <span class='ocrx_word' id='word_1_30' title='bbox 658 665 721 725; x_wconf 76' lang='lat' dir='ltr'><strong>in</strong></span> <span class='ocrx_word' id='word_1_31' title='bbox 765 662 982 737; x_wconf 51' lang='lat' dir='ltr'><strong>ineolis,</strong></span> <span class='ocrx_word' id='word_1_32' title='bbox 1029 684 1179 747; x_wconf 74' lang='lat' dir='ltr'><strong>quae</strong></span> <span class='ocrx_word' id='word_1_33' title='bbox 1222 663 1284 723; x_wconf 80' lang='lat' dir='ltr'><strong>in</strong></span> <span class='ocrx_word' id='word_1_34' title='bbox 1321 662 1483 724; x_wconf 84' lang='lat' dir='ltr'><strong>mari</strong></span> <span class='ocrx_word' id='word_1_35' title='bbox 1523 662 1774 724; x_wconf 69' lang='lat' dir='ltr'><strong>Tem-eno</strong></span> <span class='ocrx_word' id='word_1_36' title='bbox 1806 664 1927 724; x_wconf 90' lang='lat' dir='ltr'><strong>sint</strong></span> <span class='ocrx_word' id='word_1_37' title='bbox 1958 672 2274 740; x_wconf 74' lang='lat' dir='ltr'><strong>asseverat,</strong></span> <span class='ocrx_word' id='word_1_38' title='bbox 2323 668 2467 744; x_wconf 87' lang='lat' dir='ltr'><strong>quin</strong></span> 
     </span>
     <span class='ocr_line' id='line_1_6' title="bbox 176 753 2470 833; baseline 0 -18"><span class='ocrx_word' id='word_1_39' title='bbox 176 756 397 815; x_wconf 83' lang='lat' dir='ltr'><strong>etiam</strong></span> <span class='ocrx_word' id='word_1_40' title='bbox 462 755 648 833; x_wconf 91' lang='lat' dir='ltr'><strong>ipsius</strong></span> <span class='ocrx_word' id='word_1_41' title='bbox 693 754 947 814; x_wconf 89' lang='lat' dir='ltr'><strong>Patricii</strong></span> <span class='ocrx_word' id='word_1_42' title='bbox 1006 754 1232 831; x_wconf 87' lang='lat' dir='ltr'><strong>scripta</strong></span> <span class='ocrx_word' id='word_1_43' title='bbox 1293 753 1430 813; x_wconf 90' lang='lat' dir='ltr'><strong>huic</strong></span> <span class='ocrx_word' id='word_1_44' title='bbox 1489 753 1579 813; x_wconf 91' lang='lat' dir='ltr'><strong>rei</strong></span> <span class='ocrx_word' id='word_1_45' title='bbox 1619 754 1978 813; x_wconf 77' lang='lat' dir='ltr'><strong>’testimonio</strong></span> <span class='ocrx_word' id='word_1_46' title='bbox 2041 776 2166 815; x_wconf 89' lang='lat' dir='ltr'><strong>esse</strong></span> <span class='ocrx_word' id='word_1_47' title='bbox 2212 755 2470 816; x_wconf 89' lang='lat' dir='ltr'><strong>affirmat</strong></span> 
     </span>
     <span class='ocr_line' id='line_1_7' title="bbox 179 840 2467 923; baseline 0 -19"><span class='ocrx_word' id='word_1_48' title='bbox 179 843 504 921; x_wconf 76' lang='lat' dir='ltr'><strong>adjiciens</strong></span> <span class='ocrx_word' id='word_1_49' title='bbox 551 852 658 916; x_wconf 88' lang='lat' dir='ltr'><strong>„ut</strong></span> <span class='ocrx_word' id='word_1_50' title='bbox 701 842 825 923; x_wconf 76' lang='lat' dir='ltr'><strong>ipse</strong></span> <span class='ocrx_word' id='word_1_51' title='bbox 870 842 1022 904; x_wconf 65' lang='lat' dir='ltr'><strong>dixit</strong></span> <span class='ocrx_word' id='word_1_52' title='bbox 1063 842 1128 904; x_wconf 81' lang='lat' dir='ltr'><strong>in</strong></span> <span class='ocrx_word' id='word_1_53' title='bbox 1158 841 1699 903; x_wconf 76' lang='lat' dir='ltr'><strong>commemoratione</strong></span> <span class='ocrx_word' id='word_1_54' title='bbox 1731 840 2036 903; x_wconf 64' lang='lat' dir='ltr'><strong>laboraw</strong></span> <span class='ocrx_word' id='word_1_55' title='bbox 2069 844 2349 920; x_wconf 90' lang='lat' dir='ltr'><strong>(Betham</strong></span> <span class='ocrx_word' id='word_1_56' title='bbox 2379 846 2467 920; x_wconf 88' lang='grc' dir='ltr'><strong>Π,</strong></span> 
     </span>
     <span class='ocr_line' id='line_1_8' title="bbox 184 931 2468 1013; baseline 0 -20"><span class='ocrx_word' id='word_1_57' title='bbox 184 955 349 1012; x_wconf 83' lang='lat' dir='ltr'><strong>app.</strong></span> <span class='ocrx_word' id='word_1_58' title='bbox 401 956 461 1013; x_wconf 88' lang='lat' dir='ltr'><strong>p.</strong></span> <span class='ocrx_word' id='word_1_59' title='bbox 506 932 718 1010; x_wconf 88' lang='lat' dir='ltr'>XIX).</span> <span class='ocrx_word' id='word_1_60' title='bbox 809 933 895 992; x_wconf 87' lang='lat' dir='ltr'><strong>Et</strong></span> <span class='ocrx_word' id='word_1_61' title='bbox 940 954 1012 992; x_wconf 90' lang='lat' dir='ltr'><strong>ea</strong></span> <span class='ocrx_word' id='word_1_62' title='bbox 1056 933 1185 1011; x_wconf 92' lang='lat' dir='ltr'><strong>ipsa</strong></span> <span class='ocrx_word' id='word_1_63' title='bbox 1230 932 1482 991; x_wconf 86' lang='lat' dir='ltr'><strong>Patricii</strong></span> <span class='ocrx_word' id='word_1_64' title='bbox 1529 931 1689 992; x_wconf 88' lang='lat' dir='ltr'><strong>dicta</strong></span> <span class='ocrx_word' id='word_1_65' title='bbox 1700 977 1714 1006; x_wconf 93' lang='lat'><strong>,</strong></span> <span class='ocrx_word' id='word_1_66' title='bbox 1776 932 1854 992; x_wconf 88' lang='lat' dir='ltr'><strong>ad</strong></span> <span class='ocrx_word' id='word_1_67' title='bbox 1902 953 2053 1010; x_wconf 87' lang='lat' dir='ltr'><strong>quae</strong></span> <span class='ocrx_word' id='word_1_68' title='bbox 2102 933 2468 994; x_wconf 85' lang='lat' dir='ltr'><strong>Tirechanus</strong></span> 
     </span>
     <span class='ocr_line' id='line_1_9' title="bbox 183 1020 2467 1102; baseline 0.001 -21"><span class='ocrx_word' id='word_1_69' title='bbox 183 1022 585 1100; x_wconf 86' lang='lat' dir='ltr'><strong>provocavit,</strong></span> <span class='ocrx_word' id='word_1_70' title='bbox 633 1023 845 1081; x_wconf 88' lang='lat' dir='ltr'><strong>saltem</strong></span> <span class='ocrx_word' id='word_1_71' title='bbox 891 1022 1107 1082; x_wconf 85' lang='lat' dir='ltr'><strong>similia</strong></span> <span class='ocrx_word' id='word_1_72' title='bbox 1153 1028 1394 1082; x_wconf 89' lang='lat' dir='ltr'><strong>exstant</strong></span> <span class='ocrx_word' id='word_1_73' title='bbox 1438 1020 1501 1079; x_wconf 94' lang='lat' dir='ltr'><strong>in</strong></span> <span class='ocrx_word' id='word_1_74' title='bbox 1550 1021 1704 1081; x_wconf 91' lang='lat' dir='ltr'><strong>libro</strong></span> <span class='ocrx_word' id='word_1_75' title='bbox 1736 1020 2161 1082; x_wconf 86' lang='lat' dir='ltr'><strong>Ardmachano</strong></span> <span class='ocrx_word' id='word_1_76' title='bbox 2195 1029 2256 1083; x_wconf 92' lang='lat' dir='ltr'><strong>et</strong></span> <span class='ocrx_word' id='word_1_77' title='bbox 2287 1045 2467 1102; x_wconf 89' lang='lat' dir='ltr'><strong>supra</strong></span> 
     </span>
     <span class='ocr_line' id='line_1_10' title="bbox 185 1110 1432 1188; baseline -0.001 -18"><span class='ocrx_word' id='word_1_78' title='bbox 185 1112 351 1171; x_wconf 87' lang='lat' dir='ltr'><strong>inde</strong></span> <span class='ocrx_word' id='word_1_79' title='bbox 394 1115 524 1188; x_wconf 86' lang='lat' dir='ltr'><strong>jam</strong></span> <span class='ocrx_word' id='word_1_80' title='bbox 569 1110 934 1188; x_wconf 89' lang='lat' dir='ltr'><strong>transcripta</strong></span> <span class='ocrx_word' id='word_1_81' title='bbox 980 1117 1122 1170; x_wconf 91' lang='lat' dir='ltr'><strong>sunt</strong></span> <span class='ocrx_word' id='word_1_82' title='bbox 1168 1114 1251 1188; x_wconf 90' lang='lat' dir='ltr'><strong>(p.</strong></span> <span class='ocrx_word' id='word_1_83' title='bbox 1303 1111 1432 1187; x_wconf 84' lang='lat'><strong>34).</strong></span> 
     </span>
    </p>

    <p class='ocr_par' dir='ltr' id='par_1_3' title="bbox 193 1199 2544 2507">
     <span class='ocr_line' id='line_1_11' title="bbox 391 1199 2468 1278; baseline 0.001 -19"><span class='ocrx_word' id='word_1_84' title='bbox 391 1200 674 1278; x_wconf 88' lang='lat' dir='ltr'><strong>Denique</strong></span> <span class='ocrx_word' id='word_1_85' title='bbox 721 1200 1135 1260; x_wconf 87' lang='lat' dir='ltr'><strong>annotationes</strong></span> <span class='ocrx_word' id='word_1_86' title='bbox 1181 1199 1546 1258; x_wconf 89' lang='lat' dir='ltr'><strong>Hibernicae</strong></span> <span class='ocrx_word' id='word_1_87' title='bbox 1593 1205 1794 1260; x_wconf 87' lang='lat' dir='ltr'><strong>utrum</strong></span> <span class='ocrx_word' id='word_1_88' title='bbox 1842 1220 1975 1259; x_wconf 90' lang='lat' dir='ltr'><strong>cum</strong></span> <span class='ocrx_word' id='word_1_89' title='bbox 2008 1200 2342 1260; x_wconf 81' lang='lat' dir='ltr'><strong>Tirechano</strong></span> <span class='ocrx_word' id='word_1_90' title='bbox 2390 1223 2468 1261; x_wconf 92' lang='lat' dir='ltr'><strong>an</strong></span> 
     </span>
     <span class='ocr_line' id='line_1_12' title="bbox 193 1289 2469 1367; baseline 0.001 -19"><span class='ocrx_word' id='word_1_91' title='bbox 193 1311 347 1349; x_wconf 89' lang='lat' dir='ltr'><strong>cum</strong></span> <span class='ocrx_word' id='word_1_92' title='bbox 394 1289 706 1349; x_wconf 85' lang='lat' dir='ltr'><strong>Muirchuo</strong></span> <span class='ocrx_word' id='word_1_93' title='bbox 755 1295 1112 1367; x_wconf 87' lang='lat' dir='ltr'><strong>congruant,</strong></span> <span class='ocrx_word' id='word_1_94' title='bbox 1175 1289 1497 1367; x_wconf 79' lang='lat' dir='ltr'><strong>disceptari</strong></span> <span class='ocrx_word' id='word_1_95' title='bbox 1544 1309 1661 1349; x_wconf 90' lang='lat' dir='ltr'><strong>non</strong></span> <span class='ocrx_word' id='word_1_96' title='bbox 1709 1294 1933 1367; x_wconf 87' lang='lat' dir='ltr'><strong>potest,</strong></span> <span class='ocrx_word' id='word_1_97' title='bbox 1981 1311 2119 1349; x_wconf 92' lang='lat' dir='ltr'><strong>nam</strong></span> <span class='ocrx_word' id='word_1_98' title='bbox 2165 1291 2238 1349; x_wconf 87' lang='lat' dir='ltr'><strong>de</strong></span> <span class='ocrx_word' id='word_1_99' title='bbox 2285 1291 2469 1351; x_wconf 86' lang='lat' dir='ltr'><strong>variis</strong></span> 
     </span>
     <span class='ocr_line' id='line_1_13' title="bbox 194 1378 2468 1456; baseline 0.001 -19"><span class='ocrx_word' id='word_1_100' title='bbox 194 1380 349 1452; x_wconf 88' lang='lat' dir='ltr'><strong>illis,</strong></span> <span class='ocrx_word' id='word_1_101' title='bbox 402 1380 618 1456; x_wconf 89' lang='lat' dir='ltr'><strong>quibus</strong></span> <span class='ocrx_word' id='word_1_102' title='bbox 665 1378 982 1451; x_wconf 76' lang='lat' dir='ltr'><strong>Patricius,</strong></span> <span class='ocrx_word' id='word_1_103' title='bbox 1029 1383 1352 1456; x_wconf 88' lang='lat' dir='ltr'><strong>antequam</strong></span> <span class='ocrx_word' id='word_1_104' title='bbox 1396 1378 1457 1436; x_wconf 91' lang='lat' dir='ltr'><strong>in</strong></span> <span class='ocrx_word' id='word_1_105' title='bbox 1503 1378 1861 1438; x_wconf 87' lang='lat' dir='ltr'><strong>Hiberniam</strong></span> <span class='ocrx_word' id='word_1_106' title='bbox 1907 1378 2164 1453; x_wconf 85' lang='lat' dir='ltr'><strong>veniret,</strong></span> <span class='ocrx_word' id='word_1_107' title='bbox 2205 1382 2468 1456; x_wconf 85' lang='lat' dir='ltr'><strong>jactatus</strong></span> 
     </span>
     <span class='ocr_line' id='line_1_14' title="bbox 196 1467 2467 1544; baseline 0 -16"><span class='ocrx_word' id='word_1_108' title='bbox 196 1473 320 1542; x_wconf 88' lang='lat' dir='ltr'><strong>est,</strong></span> <span class='ocrx_word' id='word_1_109' title='bbox 373 1469 610 1527; x_wconf 86' lang='lat' dir='ltr'><strong>casibus</strong></span> <span class='ocrx_word' id='word_1_110' title='bbox 656 1468 720 1526; x_wconf 94' lang='lat' dir='ltr'><strong>in</strong></span> <span class='ocrx_word' id='word_1_111' title='bbox 766 1468 876 1530; x_wconf 83' lang='grc'>1100</span> <span class='ocrx_word' id='word_1_112' title='bbox 920 1468 1074 1527; x_wconf 90' lang='lat' dir='ltr'><strong>libro</strong></span> <span class='ocrx_word' id='word_1_113' title='bbox 1122 1467 1359 1526; x_wconf 91' lang='lat' dir='ltr'><strong>omnino</strong></span> <span class='ocrx_word' id='word_1_114' title='bbox 1406 1467 1492 1525; x_wconf 92' lang='lat' dir='ltr'><strong>nil</strong></span> <span class='ocrx_word' id='word_1_115' title='bbox 1538 1468 1712 1527; x_wconf 88' lang='lat' dir='ltr'><strong>inest.</strong></span> <span class='ocrx_word' id='word_1_116' title='bbox 1787 1467 1872 1527; x_wconf 87' lang='lat' dir='ltr'><strong>Et</strong></span> <span class='ocrx_word' id='word_1_117' title='bbox 1915 1488 2066 1544; x_wconf 86' lang='lat' dir='ltr'><strong>quae</strong></span> <span class='ocrx_word' id='word_1_118' title='bbox 2097 1468 2170 1527; x_wconf 87' lang='lat' dir='ltr'><strong>de</strong></span> <span class='ocrx_word' id='word_1_119' title='bbox 2201 1469 2467 1528; x_wconf 88' lang='lat' dir='ltr'><strong>Patricio</strong></span> 
     </span>
     <span class='ocr_line' id='line_1_15' title="bbox 201 1555 2467 1635; baseline 0 -18"><span class='ocrx_word' id='word_1_120' title='bbox 201 1558 377 1635; x_wconf 88' lang='lat' dir='ltr'><strong>apud</strong></span> <span class='ocrx_word' id='word_1_121' title='bbox 427 1557 514 1617; x_wconf 80' lang='lat' dir='ltr'><strong>St.</strong></span> <span class='ocrx_word' id='word_1_122' title='bbox 562 1556 927 1616; x_wconf 81' lang='lat' dir='ltr'><strong>Germanum</strong></span> <span class='ocrx_word' id='word_1_123' title='bbox 982 1562 1250 1616; x_wconf 88' lang='lat' dir='ltr'><strong>morante</strong></span> <span class='ocrx_word' id='word_1_124' title='bbox 1309 1563 1370 1616; x_wconf 92' lang='lat' dir='ltr'><strong>et</strong></span> <span class='ocrx_word' id='word_1_125' title='bbox 1415 1577 1488 1615; x_wconf 88' lang='lat' dir='ltr'><strong>ex</strong></span> <span class='ocrx_word' id='word_1_126' title='bbox 1535 1555 1736 1616; x_wconf 79' lang='lat' dir='ltr'><strong>Gallia</strong></span> <span class='ocrx_word' id='word_1_127' title='bbox 1782 1556 1844 1613; x_wconf 88' lang='lat' dir='ltr'><strong>in</strong></span> <span class='ocrx_word' id='word_1_128' title='bbox 1890 1557 2242 1616; x_wconf 89' lang='lat' dir='ltr'><strong>Hiberniam</strong></span> <span class='ocrx_word' id='word_1_129' title='bbox 2290 1558 2467 1619; x_wconf 90' lang='lat' dir='ltr'><strong>misso</strong></span> 
     </span>
     <span class='ocr_line' id='line_1_16' title="bbox 200 1642 2469 1722; baseline 0.001 -17"><span class='ocrx_word' id='word_1_130' title='bbox 200 1651 541 1707; x_wconf 85' lang='lat' dir='ltr'><strong>narrantur</strong></span> <span class='ocrx_word' id='word_1_131' title='bbox 585 1646 678 1705; x_wconf 92' lang='lat' dir='ltr'><strong>his</strong></span> <span class='ocrx_word' id='word_1_132' title='bbox 724 1645 924 1706; x_wconf 84' lang='lat' dir='ltr'><strong>verbis</strong></span> <span class='ocrx_word' id='word_1_133' title='bbox 968 1666 1107 1705; x_wconf 90' lang='lat' dir='ltr'><strong>casu</strong></span> <span class='ocrx_word' id='word_1_134' title='bbox 1154 1646 1408 1722; x_wconf 90' lang='lat' dir='ltr'><strong>quodam</strong></span> <span class='ocrx_word' id='word_1_135' title='bbox 1454 1645 1688 1704; x_wconf 84' lang='lat' dir='ltr'><strong>latinis:</strong></span> <span class='ocrx_word' id='word_1_136' title='bbox 1736 1642 2035 1705; x_wconf 73' lang='lat' dir='ltr'><strong>Patricius</strong></span> <span class='ocrx_word' id='word_1_137' title='bbox 2081 1654 2133 1705; x_wconf 87' lang='lat' dir='ltr'><strong>et</strong></span> <span class='ocrx_word' id='word_1_138' title='bbox 2171 1644 2469 1707; x_wconf 66' lang='lat' dir='ltr'><strong>her-ninus</strong></span> 
     </span>
     <span class='ocr_line' id='line_1_17' title="bbox 202 1729 2468 1816; baseline -0.001 -20"><span class='ocrx_word' id='word_1_139' title='bbox 202 1756 351 1796; x_wconf 87' lang='lat' dir='ltr'><strong>cum</strong></span> <span class='ocrx_word' id='word_1_140' title='bbox 402 1729 704 1796; x_wconf 80' lang='lat' dir='ltr'><strong>Germano</strong></span> <span class='ocrx_word' id='word_1_141' title='bbox 748 1733 999 1816; x_wconf 70' lang='lat' dir='ltr'><strong>fhemnt</strong></span> <span class='ocrx_word' id='word_1_142' title='bbox 1057 1732 1120 1793; x_wconf 82' lang='lat' dir='ltr'><strong>in</strong></span> <span class='ocrx_word' id='word_1_143' title='bbox 1172 1729 1448 1795; x_wconf 73' lang='lat' dir='ltr'><strong>Oleiodra</strong></span> <span class='ocrx_word' id='word_1_144' title='bbox 1494 1733 1719 1794; x_wconf 69' lang='lat' dir='ltr'><strong>civitate</strong></span> <span class='ocrx_word' id='word_1_145' title='bbox 1772 1735 1888 1815; x_wconf 89' lang='lat'><strong>(-—-</strong></span> <span class='ocrx_word' id='word_1_146' title='bbox 1936 1733 2468 1814; x_wconf 90' lang='lat' dir='ltr'><strong>Autissiodorum).</strong></span> 
     </span>
     <span class='ocr_line' id='line_1_18' title="bbox 210 1819 2469 1903; baseline -0 -17"><span class='ocrx_word' id='word_1_147' title='bbox 210 1819 554 1886; x_wconf 78' lang='lat' dir='ltr'><strong>Germanus</strong></span> <span class='ocrx_word' id='word_1_148' title='bbox 598 1843 731 1884; x_wconf 85' lang='lat' dir='ltr'><strong>vero</strong></span> <span class='ocrx_word' id='word_1_149' title='bbox 764 1821 1031 1884; x_wconf 77' lang='lat' dir='ltr'><strong>Iserniuo</strong></span> <span class='ocrx_word' id='word_1_150' title='bbox 1079 1821 1229 1883; x_wconf 68' lang='lat' dir='ltr'><strong>divit</strong></span> <span class='ocrx_word' id='word_1_151' title='bbox 1272 1831 1336 1882; x_wconf 83' lang='lat' dir='ltr'><strong>ut</strong></span> <span class='ocrx_word' id='word_1_152' title='bbox 1373 1821 1724 1903; x_wconf 83' lang='lat' dir='ltr'><strong>praedicare</strong></span> <span class='ocrx_word' id='word_1_153' title='bbox 1766 1821 1831 1882; x_wconf 81' lang='lat' dir='ltr'><strong>in</strong></span> <span class='ocrx_word' id='word_1_154' title='bbox 1859 1819 2212 1883; x_wconf 80' lang='lat' dir='ltr'><strong>Hiberniam</strong></span> <span class='ocrx_word' id='word_1_155' title='bbox 2255 1824 2469 1885; x_wconf 81' lang='lat' dir='ltr'><strong>vem&#39;ret</strong></span> 
     </span>
     <span class='ocr_line' id='line_1_19' title="bbox 205 1910 2471 1995; baseline 0 -22"><span class='ocrx_word' id='word_1_156' title='bbox 205 1922 385 1995; x_wconf 78' lang='lat' dir='ltr'><strong>atque</strong></span> <span class='ocrx_word' id='word_1_157' title='bbox 419 1921 745 1995; x_wconf 71' lang='lat' dir='ltr'><strong>prumptus</strong></span> <span class='ocrx_word' id='word_1_158' title='bbox 774 1910 902 1995; x_wconf 88' lang='lat' dir='ltr'><strong>fuit</strong></span> <span class='ocrx_word' id='word_1_159' title='bbox 946 1910 1213 1972; x_wconf 82' lang='lat' dir='ltr'><strong>oboedire</strong></span> <span class='ocrx_word' id='word_1_160' title='bbox 1253 1911 1317 1971; x_wconf 78' lang='lat' dir='ltr'><strong>in</strong></span> <span class='ocrx_word' id='word_1_161' title='bbox 1361 1930 1784 1994; x_wconf 76' lang='lat' dir='ltr'><strong>quamcumque</strong></span> <span class='ocrx_word' id='word_1_162' title='bbox 1804 1920 2042 1994; x_wconf 80' lang='lat' dir='ltr'><strong>partem</strong></span> <span class='ocrx_word' id='word_1_163' title='bbox 2072 1912 2327 1972; x_wconf 77' lang='lat' dir='ltr'><strong>mittetur</strong></span> <span class='ocrx_word' id='word_1_164' title='bbox 2355 1912 2471 1974; x_wconf 78' lang='lat' dir='ltr'><strong>nisi</strong></span> 
     </span>
     <span class='ocr_line' id='line_1_20' title="bbox 207 1995 2468 2063; baseline 0 0"><span class='ocrx_word' id='word_1_165' title='bbox 207 2001 276 2063; x_wconf 79' lang='lat' dir='ltr'><strong>in</strong></span> <span class='ocrx_word' id='word_1_166' title='bbox 308 1999 664 2062; x_wconf 80' lang='lat' dir='ltr'><strong>Hiberniam</strong></span> <span class='ocrx_word' id='word_1_167' title='bbox 698 1995 1031 2062; x_wconf 78' lang='lat' dir='ltr'><strong>Germanus</strong></span> <span class='ocrx_word' id='word_1_168' title='bbox 1076 1999 1228 2061; x_wconf 71' lang='lat' dir='ltr'><strong>dixit</strong></span> <span class='ocrx_word' id='word_1_169' title='bbox 1257 1998 1520 2061; x_wconf 81' lang='lat' dir='ltr'><strong>Patricio</strong></span> <span class='ocrx_word' id='word_1_170' title='bbox 1566 2009 1618 2060; x_wconf 91' lang='lat' dir='ltr'><strong>et</strong></span> <span class='ocrx_word' id='word_1_171' title='bbox 1662 2010 1725 2061; x_wconf 76' lang='lat' dir='ltr'><strong>ta</strong></span> <span class='ocrx_word' id='word_1_172' title='bbox 1768 2021 1848 2060; x_wconf 83' lang='lat' dir='ltr'><strong>an</strong></span> <span class='ocrx_word' id='word_1_173' title='bbox 1893 1999 2193 2062; x_wconf 68' lang='lat' dir='ltr'><strong>oboediens</strong></span> <span class='ocrx_word' id='word_1_174' title='bbox 2238 2000 2351 2063; x_wconf 71' lang='lat' dir='ltr'><strong>evis</strong></span> <span class='ocrx_word' id='word_1_175' title='bbox 2381 2038 2468 2048; x_wconf 91' lang='lat'>-</span> 
     </span>
     <span class='ocr_line' id='line_1_21' title="bbox 211 2084 2471 2175; baseline 0 -24"><span class='ocrx_word' id='word_1_176' title='bbox 211 2089 514 2152; x_wconf 74' lang='lat' dir='ltr'><strong>Patricius</strong></span> <span class='ocrx_word' id='word_1_177' title='bbox 561 2090 712 2151; x_wconf 68' lang='lat' dir='ltr'><strong>dixit</strong></span> <span class='ocrx_word' id='word_1_178' title='bbox 735 2090 856 2175; x_wconf 84' lang='lat' dir='ltr'><strong>fiat</strong></span> <span class='ocrx_word' id='word_1_179' title='bbox 901 2089 1047 2150; x_wconf 73' lang='lat' dir='ltr'><strong>sicut</strong></span> <span class='ocrx_word' id='word_1_180' title='bbox 1088 2089 1175 2150; x_wconf 76' lang='lat' dir='ltr'><strong>vis</strong></span> <span class='ocrx_word' id='word_1_181' title='bbox 1210 2084 1541 2151; x_wconf 73' lang='lat' dir='ltr'><strong>Germanus</strong></span> <span class='ocrx_word' id='word_1_182' title='bbox 1587 2089 1739 2151; x_wconf 57' lang='lat' dir='ltr'><strong>dian}</strong></span> <span class='ocrx_word' id='word_1_183' title='bbox 1780 2086 1890 2150; x_wconf 76' lang='lat' dir='ltr'><strong>hoc</strong></span> <span class='ocrx_word' id='word_1_184' title='bbox 1933 2089 2081 2150; x_wconf 81' lang='lat' dir='ltr'><strong>inter</strong></span> <span class='ocrx_word' id='word_1_185' title='bbox 2122 2110 2231 2150; x_wconf 79' lang='lat' dir='ltr'><strong>nos</strong></span> <span class='ocrx_word' id='word_1_186' title='bbox 2274 2090 2381 2151; x_wconf 85' lang='lat' dir='ltr'><strong>erit</strong></span> <span class='ocrx_word' id='word_1_187' title='bbox 2419 2100 2471 2151; x_wconf 85' lang='lat' dir='ltr'><strong>et</strong></span> 
     </span>
     <span class='ocr_line' id='line_1_22' title="bbox 212 2175 2544 2261; baseline -0.001 -20"><span class='ocrx_word' id='word_1_188' title='bbox 212 2201 334 2241; x_wconf 77' lang='lat' dir='ltr'><strong>uon</strong></span> <span class='ocrx_word' id='word_1_189' title='bbox 366 2179 628 2261; x_wconf 80' lang='lat' dir='ltr'><strong>potuerit</strong></span> <span class='ocrx_word' id='word_1_190' title='bbox 672 2178 973 2239; x_wconf 76' lang='lat' dir='ltr'><strong>Iserninus</strong></span> <span class='ocrx_word' id='word_1_191' title='bbox 1017 2179 1081 2239; x_wconf 79' lang='lat' dir='ltr'><strong>in</strong></span> <span class='ocrx_word' id='word_1_192' title='bbox 1108 2175 1401 2240; x_wconf 81' lang='lat' dir='ltr'><strong>Hibernia</strong></span> <span class='ocrx_word' id='word_1_193' title='bbox 1444 2198 1548 2238; x_wconf 74' lang='lat' dir='ltr'><strong>nec</strong></span> <span class='ocrx_word' id='word_1_194' title='bbox 1591 2177 1842 2239; x_wconf 76' lang='lat' dir='ltr'><strong>transire</strong></span> <span class='ocrx_word' id='word_1_195' title='bbox 1870 2213 1958 2224; x_wconf 93' lang='lat'><strong>--</strong></span> <span class='ocrx_word' id='word_1_196' title='bbox 1988 2177 2290 2240; x_wconf 80' lang='lat' dir='ltr'><strong>Patricius</strong></span> <span class='ocrx_word' id='word_1_197' title='bbox 2319 2179 2469 2240; x_wconf 78' lang='lat' dir='ltr'><strong>venit</strong></span> <span class='ocrx_word' id='word_1_198' title='bbox 2537 2250 2544 2256; x_wconf 22' lang='grc' dir='ltr'><strong><em>ε</em></strong></span> 
     </span>
     <span class='ocr_line' id='line_1_23' title="bbox 216 2266 2468 2330; baseline -0.001 0"><span class='ocrx_word' id='word_1_199' title='bbox 216 2268 285 2330; x_wconf 79' lang='lat' dir='ltr'><strong>in</strong></span> <span class='ocrx_word' id='word_1_200' title='bbox 314 2266 669 2330; x_wconf 73' lang='lat' dir='ltr'><strong>Hiberniam</strong></span> <span class='ocrx_word' id='word_1_201' title='bbox 699 2267 956 2328; x_wconf 75' lang='lat' dir='ltr'><strong>Isemini</strong></span> <span class='ocrx_word' id='word_1_202' title='bbox 994 2287 1129 2328; x_wconf 87' lang='lat' dir='ltr'><strong>vero</strong></span> <span class='ocrx_word' id='word_1_203' title='bbox 1176 2277 1275 2329; x_wconf 90' lang='lat' dir='ltr'><strong>etc.</strong></span> <span class='ocrx_word' id='word_1_204' title='bbox 1328 2303 1402 2312; x_wconf 85' lang='lat'><em>-</em></span> <span class='ocrx_word' id='word_1_205' title='bbox 1455 2274 1518 2327; x_wconf 90' lang='lat' dir='ltr'><strong>et</strong></span> <span class='ocrx_word' id='word_1_206' title='bbox 1550 2267 1867 2327; x_wconf 79' lang='lat' dir='ltr'><strong>Tirechani</strong></span> <span class='ocrx_word' id='word_1_207' title='bbox 1912 2275 1975 2328; x_wconf 90' lang='lat' dir='ltr'><strong>et</strong></span> <span class='ocrx_word' id='word_1_208' title='bbox 2001 2268 2301 2328; x_wconf 87' lang='lat' dir='ltr'><strong>Muirchui</strong></span> <span class='ocrx_word' id='word_1_209' title='bbox 2332 2289 2468 2327; x_wconf 90' lang='lat' dir='ltr'><strong>nar·</strong></span> 
     </span>
     <span class='ocr_line' id='line_1_24' title="bbox 218 2356 2467 2436; baseline -0.001 -18"><span class='ocrx_word' id='word_1_210' title='bbox 218 2358 442 2418; x_wconf 88' lang='lat' dir='ltr'><strong>rationi</strong></span> <span class='ocrx_word' id='word_1_211' title='bbox 484 2359 799 2436; x_wconf 87' lang='lat' dir='ltr'><strong>quadrant.</strong></span> <span class='ocrx_word' id='word_1_212' title='bbox 875 2358 1091 2434; x_wconf 90' lang='lat' dir='ltr'><strong>Itaque</strong></span> <span class='ocrx_word' id='word_1_213' title='bbox 1124 2357 1195 2416; x_wconf 88' lang='lat' dir='ltr'><strong>de</strong></span> <span class='ocrx_word' id='word_1_214' title='bbox 1227 2357 1320 2415; x_wconf 91' lang='lat' dir='ltr'><strong>his</strong></span> <span class='ocrx_word' id='word_1_215' title='bbox 1352 2356 1836 2417; x_wconf 88' lang='lat' dir='ltr'><strong>annotationibus</strong></span> <span class='ocrx_word' id='word_1_216' title='bbox 1868 2358 2122 2436; x_wconf 93' lang='lat' dir='ltr'><strong>amplius</strong></span> <span class='ocrx_word' id='word_1_217' title='bbox 2153 2357 2467 2417; x_wconf 89' lang='lat' dir='ltr'><strong>dicendum</strong></span> 
     </span>
     <span class='ocr_line' id='line_1_25' title="bbox 219 2447 517 2507; baseline -0.003 0"><span class='ocrx_word' id='word_1_218' title='bbox 219 2469 341 2507; x_wconf 91' lang='lat' dir='ltr'><strong>non</strong></span> <span class='ocrx_word' id='word_1_219' title='bbox 387 2447 517 2507; x_wconf 88' lang='lat' dir='ltr'><strong>erit.</strong></span> 
     </span>
    </p>

    <p class='ocr_par' dir='ltr' id='par_1_4' title="bbox 223 2532 2470 3308">
     <span class='ocr_line' id='line_1_26' title="bbox 401 2532 2467 2615; baseline 0 -19"><span class='ocrx_word' id='word_1_220' title='bbox 401 2536 652 2615; x_wconf 81' lang='lat' dir='ltr'><strong>Triplex</strong></span> <span class='ocrx_word' id='word_1_221' title='bbox 679 2535 868 2613; x_wconf 84' lang='lat' dir='ltr'><strong>igitur</strong></span> <span class='ocrx_word' id='word_1_222' title='bbox 896 2535 961 2593; x_wconf 94' lang='lat' dir='ltr'><strong>in</strong></span> <span class='ocrx_word' id='word_1_223' title='bbox 994 2535 1149 2595; x_wconf 88' lang='lat' dir='ltr'><strong>libro</strong></span> <span class='ocrx_word' id='word_1_224' title='bbox 1179 2532 1602 2595; x_wconf 88' lang='lat' dir='ltr'><strong>Ardmachano</strong></span> <span class='ocrx_word' id='word_1_225' title='bbox 1634 2535 1707 2593; x_wconf 89' lang='lat' dir='ltr'><strong>de</strong></span> <span class='ocrx_word' id='word_1_226' title='bbox 1738 2534 2007 2595; x_wconf 85' lang='lat' dir='ltr'><strong>Patricio</strong></span> <span class='ocrx_word' id='word_1_227' title='bbox 2038 2542 2128 2596; x_wconf 91' lang='lat' dir='ltr'><strong>est</strong></span> <span class='ocrx_word' id='word_1_228' title='bbox 2157 2536 2467 2610; x_wconf 77' lang='lat' dir='ltr'><strong>memoria3</strong></span> 
     </span>
     <span class='ocr_line' id='line_1_27' title="bbox 223 2623 2467 2704; baseline 0 -19"><span class='ocrx_word' id='word_1_229' title='bbox 223 2626 317 2686; x_wconf 88' lang='lat' dir='ltr'><strong>vel</strong></span> <span class='ocrx_word' id='word_1_230' title='bbox 346 2626 548 2704; x_wconf 89' lang='lat' dir='ltr'><strong>potius</strong></span> <span class='ocrx_word' id='word_1_231' title='bbox 588 2626 822 2703; x_wconf 85' lang='lat' dir='ltr'><strong>duplex.</strong></span> <span class='ocrx_word' id='word_1_232' title='bbox 891 2625 1045 2686; x_wconf 88' lang='lat' dir='ltr'><strong>Nam</strong></span> <span class='ocrx_word' id='word_1_233' title='bbox 1079 2644 1231 2701; x_wconf 89' lang='lat' dir='ltr'><strong>quae</strong></span> <span class='ocrx_word' id='word_1_234' title='bbox 1263 2624 1337 2682; x_wconf 91' lang='lat' dir='ltr'><strong>de</strong></span> <span class='ocrx_word' id='word_1_235' title='bbox 1367 2624 1640 2683; x_wconf 89' lang='lat' dir='ltr'><strong>Palladio</strong></span> <span class='ocrx_word' id='word_1_236' title='bbox 1674 2630 1735 2683; x_wconf 90' lang='lat' dir='ltr'><strong>et</strong></span> <span class='ocrx_word' id='word_1_237' title='bbox 1764 2623 2031 2684; x_wconf 89' lang='lat' dir='ltr'><strong>Patricio</strong></span> <span class='ocrx_word' id='word_1_238' title='bbox 2061 2646 2097 2684; x_wconf 90' lang='lat' dir='ltr'><strong>a</strong></span> <span class='ocrx_word' id='word_1_239' title='bbox 2130 2624 2467 2686; x_wconf 81' lang='lat' dir='ltr'><strong>Coelestino</strong></span> 
     </span>
     <span class='ocr_line' id='line_1_28' title="bbox 224 2713 2467 2794; baseline 0 -20"><span class='ocrx_word' id='word_1_240' title='bbox 224 2735 380 2794; x_wconf 90' lang='lat' dir='ltr'><strong>papa</strong></span> <span class='ocrx_word' id='word_1_241' title='bbox 445 2713 640 2773; x_wconf 92' lang='lat' dir='ltr'><strong>missis</strong></span> <span class='ocrx_word' id='word_1_242' title='bbox 700 2720 1023 2774; x_wconf 88' lang='lat' dir='ltr'><strong>narrantur</strong></span> <span class='ocrx_word' id='word_1_243' title='bbox 1079 2714 1322 2772; x_wconf 91' lang='lat' dir='ltr'><strong>minime</strong></span> <span class='ocrx_word' id='word_1_244' title='bbox 1395 2733 1663 2772; x_wconf 88' lang='lat' dir='ltr'><strong>sermone</strong></span> <span class='ocrx_word' id='word_1_245' title='bbox 1724 2720 1965 2792; x_wconf 87' lang='lat' dir='ltr'><strong>patrum</strong></span> <span class='ocrx_word' id='word_1_246' title='bbox 2027 2714 2265 2792; x_wconf 88' lang='lat' dir='ltr'><strong>prodita</strong></span> <span class='ocrx_word' id='word_1_247' title='bbox 2326 2735 2467 2791; x_wconf 86' lang='lat' dir='ltr'><strong>esse,</strong></span> 
     </span>
     <span class='ocr_line' id='line_1_29' title="bbox 226 2801 2470 2883; baseline 0 -21"><span class='ocrx_word' id='word_1_248' title='bbox 226 2804 327 2863; x_wconf 88' lang='lat' dir='ltr'><strong>sed</strong></span> <span class='ocrx_word' id='word_1_249' title='bbox 371 2825 444 2862; x_wconf 92' lang='lat' dir='ltr'><strong>ex</strong></span> <span class='ocrx_word' id='word_1_250' title='bbox 473 2803 771 2880; x_wconf 90' lang='lat' dir='ltr'><strong>Prospero</strong></span> <span class='ocrx_word' id='word_1_251' title='bbox 817 2803 913 2863; x_wconf 83' lang='lat' dir='ltr'><strong>vel</strong></span> <span class='ocrx_word' id='word_1_252' title='bbox 944 2803 1128 2875; x_wconf 88' lang='lat' dir='ltr'><strong>Beda,</strong></span> <span class='ocrx_word' id='word_1_253' title='bbox 1177 2801 1279 2879; x_wconf 90' lang='lat' dir='ltr'><strong>qui</strong></span> <span class='ocrx_word' id='word_1_254' title='bbox 1308 2802 1593 2880; x_wconf 91' lang='lat' dir='ltr'><strong>Prosperi</strong></span> <span class='ocrx_word' id='word_1_255' title='bbox 1624 2802 2026 2862; x_wconf 87' lang='lat' dir='ltr'><strong>narrationem</strong></span> <span class='ocrx_word' id='word_1_256' title='bbox 2059 2804 2470 2883; x_wconf 85' lang='lat' dir='ltr'><strong>transscripsit</strong></span> 
     </span>
     <span class='ocr_line' id='line_1_30' title="bbox 228 2890 2469 2974; baseline 0 -23"><span class='ocrx_word' id='word_1_257' title='bbox 228 2893 307 2969; x_wconf 91' lang='lat' dir='ltr'><strong>(h.</strong></span> <span class='ocrx_word' id='word_1_258' title='bbox 352 2913 398 2951; x_wconf 93' lang='lat' dir='ltr'><strong>e.</strong></span> <span class='ocrx_word' id='word_1_259' title='bbox 445 2893 484 2950; x_wconf 90' lang='lat' dir='ltr'><strong>l.</strong></span> <span class='ocrx_word' id='word_1_260' title='bbox 538 2892 636 2964; x_wconf 81' lang='lat'><strong>13,</strong></span> <span class='ocrx_word' id='word_1_261' title='bbox 683 2893 718 2969; x_wconf 62' lang='grc' dir='ltr'>ξ</span> <span class='ocrx_word' id='word_1_262' title='bbox 769 2893 904 2968; x_wconf 82' lang='lat'><strong>32),</strong></span> <span class='ocrx_word' id='word_1_263' title='bbox 959 2891 1022 2949; x_wconf 90' lang='lat' dir='ltr'><strong>in</strong></span> <span class='ocrx_word' id='word_1_264' title='bbox 1067 2890 1319 2951; x_wconf 89' lang='lat' dir='ltr'><strong>Patricii</strong></span> <span class='ocrx_word' id='word_1_265' title='bbox 1362 2891 1674 2951; x_wconf 88' lang='lat' dir='ltr'><strong>historiam</strong></span> <span class='ocrx_word' id='word_1_266' title='bbox 1720 2894 2014 2952; x_wconf 86' lang='lat' dir='ltr'><strong>translata</strong></span> <span class='ocrx_word' id='word_1_267' title='bbox 2060 2913 2185 2952; x_wconf 90' lang='lat' dir='ltr'><strong>esse</strong></span> <span class='ocrx_word' id='word_1_268' title='bbox 2232 2898 2294 2952; x_wconf 90' lang='lat' dir='ltr'><strong>et</strong></span> <span class='ocrx_word' id='word_1_269' title='bbox 2338 2894 2469 2974; x_wconf 90' lang='lat' dir='ltr'><strong>ipsa</strong></span> 
     </span>
     <span class='ocr_line' id='line_1_31' title="bbox 228 2979 2469 3043; baseline 0 -2"><span class='ocrx_word' id='word_1_270' title='bbox 228 2982 406 3041; x_wconf 84' lang='lat' dir='ltr'><strong>verba</strong></span> <span class='ocrx_word' id='word_1_271' title='bbox 459 2980 863 3040; x_wconf 88' lang='lat' dir='ltr'><strong>annotationis</strong></span> <span class='ocrx_word' id='word_1_272' title='bbox 918 2980 1078 3040; x_wconf 92' lang='lat' dir='ltr'><strong>illius</strong></span> <span class='ocrx_word' id='word_1_273' title='bbox 1124 2979 1586 3040; x_wconf 89' lang='lat' dir='ltr'><strong>luculentissime</strong></span> <span class='ocrx_word' id='word_1_274' title='bbox 1634 2980 2042 3041; x_wconf 89' lang='lat' dir='ltr'><strong>demonstrant</strong></span> <span class='ocrx_word' id='word_1_275' title='bbox 2089 2986 2149 3041; x_wconf 88' lang='lat' dir='ltr'><strong>et</strong></span> <span class='ocrx_word' id='word_1_276' title='bbox 2193 2982 2469 3043; x_wconf 87' lang='lat' dir='ltr'><strong>Muirchu</strong></span> 
     </span>
     <span class='ocr_line' id='line_1_32' title="bbox 231 3069 2467 3145; baseline 0 -15"><span class='ocrx_word' id='word_1_277' title='bbox 231 3078 290 3130; x_wconf 92' lang='lat' dir='ltr'><strong>et</strong></span> <span class='ocrx_word' id='word_1_278' title='bbox 333 3069 713 3144; x_wconf 81' lang='lat' dir='ltr'><strong>Tirechanus,</strong></span> <span class='ocrx_word' id='word_1_279' title='bbox 760 3090 891 3129; x_wconf 92' lang='lat' dir='ltr'><strong>cum</strong></span> <span class='ocrx_word' id='word_1_280' title='bbox 936 3069 1012 3128; x_wconf 88' lang='lat' dir='ltr'><strong>de</strong></span> <span class='ocrx_word' id='word_1_281' title='bbox 1044 3069 1382 3128; x_wconf 82' lang='lat' dir='ltr'><strong>Caelestino</strong></span> <span class='ocrx_word' id='word_1_282' title='bbox 1413 3069 1745 3129; x_wconf 84' lang='lat' dir='ltr'><strong>Patricium</strong></span> <span class='ocrx_word' id='word_1_283' title='bbox 1793 3071 2068 3130; x_wconf 89' lang='lat' dir='ltr'><strong>mittente</strong></span> <span class='ocrx_word' id='word_1_284' title='bbox 2115 3071 2201 3129; x_wconf 90' lang='lat' dir='ltr'><strong>nil</strong></span> <span class='ocrx_word' id='word_1_285' title='bbox 2246 3072 2467 3145; x_wconf 89' lang='lat' dir='ltr'><strong>dicant,</strong></span> 
     </span>
     <span class='ocr_line' id='line_1_33' title="bbox 230 3158 2465 3239; baseline -0 -20"><span class='ocrx_word' id='word_1_286' title='bbox 230 3165 483 3220; x_wconf 88' lang='lat' dir='ltr'><strong>tacentes</strong></span> <span class='ocrx_word' id='word_1_287' title='bbox 530 3160 933 3235; x_wconf 89' lang='lat' dir='ltr'><strong>comprobant.</strong></span> <span class='ocrx_word' id='word_1_288' title='bbox 1012 3159 1106 3217; x_wconf 92' lang='lat' dir='ltr'><strong>De</strong></span> <span class='ocrx_word' id='word_1_289' title='bbox 1150 3158 1461 3217; x_wconf 88' lang='lat' dir='ltr'><strong>Muirchuo</strong></span> <span class='ocrx_word' id='word_1_290' title='bbox 1509 3158 1696 3236; x_wconf 86' lang='lat' dir='ltr'><strong>igitur</strong></span> <span class='ocrx_word' id='word_1_291' title='bbox 1742 3165 1803 3219; x_wconf 89' lang='lat' dir='ltr'><strong>et</strong></span> <span class='ocrx_word' id='word_1_292' title='bbox 1850 3159 2182 3219; x_wconf 81' lang='lat' dir='ltr'><strong>Tirechano</strong></span> <span class='ocrx_word' id='word_1_293' title='bbox 2228 3160 2465 3239; x_wconf 88' lang='lat' dir='ltr'><strong>potissi·</strong></span> 
     </span>
     <span class='ocr_line' id='line_1_34' title="bbox 231 3248 985 3308; baseline -0.003 -1"><span class='ocrx_word' id='word_1_294' title='bbox 231 3269 382 3308; x_wconf 90' lang='lat' dir='ltr'><strong>mum</strong></span> <span class='ocrx_word' id='word_1_295' title='bbox 426 3248 833 3308; x_wconf 88' lang='lat' dir='ltr'><strong>disserendum</strong></span> <span class='ocrx_word' id='word_1_296' title='bbox 880 3254 985 3307; x_wconf 87' lang='lat' dir='ltr'><strong>est.</strong></span> 
     </span>
    </p>

    <p class='ocr_par' dir='ltr' id='par_1_5' title="bbox 162 3335 2466 4378">
     <span class='ocr_line' id='line_1_35' title="bbox 397 3335 2466 3414; baseline 0.001 -18"><span class='ocrx_word' id='word_1_297' title='bbox 397 3337 659 3397; x_wconf 86' lang='lat' dir='ltr'><strong>Exsistit</strong></span> <span class='ocrx_word' id='word_1_298' title='bbox 705 3335 861 3395; x_wconf 92' lang='lat' dir='ltr'><strong>enim</strong></span> <span class='ocrx_word' id='word_1_299' title='bbox 909 3337 1204 3414; x_wconf 89' lang='lat' dir='ltr'><strong>quaesti0,</strong></span> <span class='ocrx_word' id='word_1_300' title='bbox 1250 3342 1452 3395; x_wconf 85' lang='lat' dir='ltr'><strong>utrum</strong></span> <span class='ocrx_word' id='word_1_301' title='bbox 1497 3335 1796 3396; x_wconf 85' lang='lat' dir='ltr'><strong>Muirchui</strong></span> <span class='ocrx_word' id='word_1_302' title='bbox 1840 3357 1918 3395; x_wconf 91' lang='lat' dir='ltr'><strong>an</strong></span> <span class='ocrx_word' id='word_1_303' title='bbox 1966 3336 2285 3397; x_wconf 85' lang='lat' dir='ltr'><strong>Tirechani</strong></span> <span class='ocrx_word' id='word_1_304' title='bbox 2330 3359 2466 3398; x_wconf 86' lang='lat' dir='ltr'><strong>nar·</strong></span> 
     </span>
     <span class='ocr_line' id='line_1_36' title="bbox 234 3424 2466 3504; baseline 0 -18"><span class='ocrx_word' id='word_1_305' title='bbox 234 3427 376 3487; x_wconf 87' lang='lat' dir='ltr'><strong>ratio</strong></span> <span class='ocrx_word' id='word_1_306' title='bbox 436 3427 694 3504; x_wconf 89' lang='lat' dir='ltr'><strong>priorem</strong></span> <span class='ocrx_word' id='word_1_307' title='bbox 756 3426 995 3485; x_wconf 89' lang='lat' dir='ltr'><strong>fabulae</strong></span> <span class='ocrx_word' id='word_1_308' title='bbox 1058 3427 1130 3484; x_wconf 90' lang='lat' dir='ltr'><strong>de</strong></span> <span class='ocrx_word' id='word_1_309' title='bbox 1179 3424 1321 3485; x_wconf 82' lang='lat' dir='ltr'><strong>Scto</strong></span> <span class='ocrx_word' id='word_1_310' title='bbox 1369 3425 1632 3486; x_wconf 89' lang='lat' dir='ltr'><strong>Patricio</strong></span> <span class='ocrx_word' id='word_1_311' title='bbox 1693 3426 1941 3485; x_wconf 90' lang='lat' dir='ltr'><strong>formam</strong></span> <span class='ocrx_word' id='word_1_312' title='bbox 2003 3428 2300 3487; x_wconf 85' lang='lat' dir='ltr'><strong>exhibeat.</strong></span> <span class='ocrx_word' id='word_1_313' title='bbox 2391 3428 2466 3487; x_wconf 92' lang='lat' dir='ltr'><strong>In</strong></span> 
     </span>
     <span class='ocr_line' id='line_1_37' title="bbox 237 3514 2465 3595; baseline 0 -20"><span class='ocrx_word' id='word_1_314' title='bbox 237 3538 344 3594; x_wconf 89' lang='lat' dir='ltr'><strong>qua</strong></span> <span class='ocrx_word' id='word_1_315' title='bbox 403 3515 749 3593; x_wconf 89' lang='lat' dir='ltr'><strong>quaestione</strong></span> <span class='ocrx_word' id='word_1_316' title='bbox 808 3548 886 3559; x_wconf 89' lang='lat'><strong>—</strong></span> <span class='ocrx_word' id='word_1_317' title='bbox 947 3515 1099 3593; x_wconf 91' lang='lat' dir='ltr'><strong>proh</strong></span> <span class='ocrx_word' id='word_1_318' title='bbox 1161 3516 1360 3574; x_wconf 81' lang='lat' dir='ltr'><strong>dolor!</strong></span> <span class='ocrx_word' id='word_1_319' title='bbox 1412 3548 1489 3560; x_wconf 89' lang='lat'>—</span> <span class='ocrx_word' id='word_1_320' title='bbox 1541 3514 1804 3592; x_wconf 92' lang='lat' dir='ltr'><strong>ipsorum</strong></span> <span class='ocrx_word' id='word_1_321' title='bbox 1864 3516 2221 3595; x_wconf 85' lang='lat' dir='ltr'><strong>scriptorum</strong></span> <span class='ocrx_word' id='word_1_322' title='bbox 2283 3523 2465 3590; x_wconf 91' lang='lat' dir='ltr'><strong>aetas,</strong></span> 
     </span>
     <span class='ocr_line' id='line_1_38' title="bbox 233 3603 2465 3683; baseline -0 -17"><span class='ocrx_word' id='word_1_323' title='bbox 233 3606 509 3683; x_wconf 89' lang='lat' dir='ltr'><strong>siquidem</strong></span> <span class='ocrx_word' id='word_1_324' title='bbox 565 3604 712 3663; x_wconf 90' lang='lat' dir='ltr'><strong>fides</strong></span> <span class='ocrx_word' id='word_1_325' title='bbox 759 3604 1033 3663; x_wconf 87' lang='lat' dir='ltr'><strong>habenda</strong></span> <span class='ocrx_word' id='word_1_326' title='bbox 1082 3610 1172 3664; x_wconf 86' lang='lat' dir='ltr'><strong>est</strong></span> <span class='ocrx_word' id='word_1_327' title='bbox 1217 3604 1602 3683; x_wconf 89' lang='lat' dir='ltr'><strong>praefationi,</strong></span> <span class='ocrx_word' id='word_1_328' title='bbox 1666 3623 1818 3680; x_wconf 86' lang='lat' dir='ltr'><strong>quae</strong></span> <span class='ocrx_word' id='word_1_329' title='bbox 1864 3605 2140 3683; x_wconf 91' lang='lat' dir='ltr'><strong>capitulis</strong></span> <span class='ocrx_word' id='word_1_330' title='bbox 2184 3603 2333 3664; x_wconf 90' lang='lat' dir='ltr'><strong>Aidi</strong></span> <span class='ocrx_word' id='word_1_331' title='bbox 2378 3606 2465 3665; x_wconf 92' lang='lat' dir='ltr'><strong>in-</strong></span> 
     </span>
     <span class='ocr_line' id='line_1_39' title="bbox 235 3692 2466 3773; baseline 0 -19"><span class='ocrx_word' id='word_1_332' title='bbox 235 3695 442 3773; x_wconf 89' lang='lat' dir='ltr'><strong>scripta</strong></span> <span class='ocrx_word' id='word_1_333' title='bbox 502 3699 594 3753; x_wconf 89' lang='lat' dir='ltr'><strong>est</strong></span> <span class='ocrx_word' id='word_1_334' title='bbox 641 3692 784 3770; x_wconf 85' lang='lat' dir='ltr'><strong>(vid.</strong></span> <span class='ocrx_word' id='word_1_335' title='bbox 831 3714 1010 3771; x_wconf 87' lang='lat' dir='ltr'><strong>supra</strong></span> <span class='ocrx_word' id='word_1_336' title='bbox 1054 3715 1113 3772; x_wconf 90' lang='lat' dir='ltr'><strong>p.</strong></span> <span class='ocrx_word' id='word_1_337' title='bbox 1165 3694 1300 3770; x_wconf 87' lang='lat'><strong>33),</strong></span> <span class='ocrx_word' id='word_1_338' title='bbox 1365 3698 1723 3752; x_wconf 89' lang='lat' dir='ltr'><strong>momentum</strong></span> <span class='ocrx_word' id='word_1_339' title='bbox 1778 3695 1975 3753; x_wconf 90' lang='lat' dir='ltr'><strong>facere</strong></span> <span class='ocrx_word' id='word_1_340' title='bbox 2030 3693 2266 3772; x_wconf 88' lang='lat' dir='ltr'><strong>nequit,</strong></span> <span class='ocrx_word' id='word_1_341' title='bbox 2327 3716 2466 3755; x_wconf 91' lang='lat' dir='ltr'><strong>nam</strong></span> 
     </span>
     <span class='ocr_line' id='line_1_40' title="bbox 237 3781 2466 3862; baseline 0 -19"><span class='ocrx_word' id='word_1_342' title='bbox 237 3783 336 3843; x_wconf 91' lang='lat' dir='ltr'><strong>etsi</strong></span> <span class='ocrx_word' id='word_1_343' title='bbox 365 3782 730 3842; x_wconf 85' lang='lat' dir='ltr'><strong>Tirechanus</strong></span> <span class='ocrx_word' id='word_1_344' title='bbox 775 3784 972 3860; x_wconf 86' lang='lat' dir='ltr'><strong>paullo</strong></span> <span class='ocrx_word' id='word_1_345' title='bbox 1021 3789 1160 3842; x_wconf 88' lang='lat' dir='ltr'><strong>ante</strong></span> <span class='ocrx_word' id='word_1_346' title='bbox 1189 3781 1566 3841; x_wconf 87' lang='lat' dir='ltr'><strong>Muirchuum</strong></span> <span class='ocrx_word' id='word_1_347' title='bbox 1613 3782 1848 3842; x_wconf 87' lang='lat' dir='ltr'><strong>videtur</strong></span> <span class='ocrx_word' id='word_1_348' title='bbox 1896 3783 2215 3862; x_wconf 87' lang='lat' dir='ltr'><strong>scripsisse,</strong></span> <span class='ocrx_word' id='word_1_349' title='bbox 2263 3790 2466 3844; x_wconf 91' lang='lat' dir='ltr'><strong>tamen</strong></span> 
     </span>
     <span class='ocr_line' id='line_1_41' title="bbox 236 3870 2464 3951; baseline 0 -19"><span class='ocrx_word' id='word_1_350' title='bbox 236 3874 348 3932; x_wconf 80' lang='lat' dir='ltr'><strong>fere</strong></span> <span class='ocrx_word' id='word_1_351' title='bbox 402 3873 678 3951; x_wconf 88' lang='lat' dir='ltr'><strong>aequales</strong></span> <span class='ocrx_word' id='word_1_352' title='bbox 738 3877 877 3932; x_wconf 91' lang='lat' dir='ltr'><strong>sunt</strong></span> <span class='ocrx_word' id='word_1_353' title='bbox 934 3870 1208 3930; x_wconf 89' lang='lat' dir='ltr'><strong>habendi.</strong></span> <span class='ocrx_word' id='word_1_354' title='bbox 1299 3870 1693 3931; x_wconf 90' lang='lat' dir='ltr'><strong>Nihilosecius</strong></span> <span class='ocrx_word' id='word_1_355' title='bbox 1754 3871 2019 3931; x_wconf 87' lang='lat' dir='ltr'><strong>dubitari</strong></span> <span class='ocrx_word' id='word_1_356' title='bbox 2080 3892 2198 3931; x_wconf 93' lang='lat' dir='ltr'><strong>non</strong></span> <span class='ocrx_word' id='word_1_357' title='bbox 2245 3881 2464 3951; x_wconf 87' lang='lat' dir='ltr'><strong>potest,</strong></span> 
     </span>
     <span class='ocr_line' id='line_1_42' title="bbox 238 3959 2464 4040; baseline 0 -20"><span class='ocrx_word' id='word_1_358' title='bbox 238 3961 368 4040; x_wconf 91' lang='lat' dir='ltr'><strong>quin</strong></span> <span class='ocrx_word' id='word_1_359' title='bbox 397 3961 717 4022; x_wconf 80' lang='lat' dir='ltr'><strong>Tirechani</strong></span> <span class='ocrx_word' id='word_1_360' title='bbox 762 3960 1029 4020; x_wconf 88' lang='lat' dir='ltr'><strong>narratio</strong></span> <span class='ocrx_word' id='word_1_361' title='bbox 1074 3961 1250 4037; x_wconf 85' lang='lat' dir='ltr'><strong>longe</strong></span> <span class='ocrx_word' id='word_1_362' title='bbox 1281 3959 1578 4020; x_wconf 84' lang='lat' dir='ltr'><strong>vetustior</strong></span> <span class='ocrx_word' id='word_1_363' title='bbox 1608 3961 1688 4019; x_wconf 90' lang='lat' dir='ltr'><strong>sit</strong></span> <span class='ocrx_word' id='word_1_364' title='bbox 1721 3979 1896 4038; x_wconf 91' lang='lat' dir='ltr'><strong>quam</strong></span> <span class='ocrx_word' id='word_1_365' title='bbox 1928 3961 2238 4020; x_wconf 82' lang='lat' dir='ltr'><strong>Muirchui.</strong></span> <span class='ocrx_word' id='word_1_366' title='bbox 2309 3963 2464 4023; x_wconf 87' lang='lat' dir='ltr'><strong>Nam</strong></span> 
     </span>
     <span class='ocr_line' id='line_1_43' title="bbox 162 4048 2465 4131; baseline 0.001 -22"><span class='ocrx_word' id='word_1_367' title='bbox 162 4052 168 4060; x_wconf 86' lang='grc'><strong>’</strong></span> <span class='ocrx_word' id='word_1_368' title='bbox 236 4051 473 4131; x_wconf 89' lang='lat' dir='ltr'><strong>primum</strong></span> <span class='ocrx_word' id='word_1_369' title='bbox 533 4050 798 4123; x_wconf 92' lang='lat' dir='ltr'><strong>omnin0,</strong></span> <span class='ocrx_word' id='word_1_370' title='bbox 864 4070 1015 4126; x_wconf 86' lang='lat' dir='ltr'><strong>quae</strong></span> <span class='ocrx_word' id='word_1_371' title='bbox 1062 4048 1427 4110; x_wconf 80' lang='lat' dir='ltr'><strong>Tirechanus</strong></span> <span class='ocrx_word' id='word_1_372' title='bbox 1486 4054 1718 4121; x_wconf 89' lang='lat' dir='ltr'><strong>narrat,</strong></span> <span class='ocrx_word' id='word_1_373' title='bbox 1781 4049 2142 4128; x_wconf 89' lang='lat' dir='ltr'><strong>simpliciora</strong></span> <span class='ocrx_word' id='word_1_374' title='bbox 2202 4056 2340 4110; x_wconf 87' lang='lat' dir='ltr'><strong>sunt</strong></span> <span class='ocrx_word' id='word_1_375' title='bbox 2405 4057 2465 4111; x_wconf 88' lang='lat' dir='ltr'><strong>et</strong></span> 
     </span>
     <span class='ocr_line' id='line_1_44' title="bbox 237 4138 2465 4217; baseline 0 -18"><span class='ocrx_word' id='word_1_376' title='bbox 237 4138 515 4199; x_wconf 90' lang='lat' dir='ltr'><strong>miraculis</strong></span> <span class='ocrx_word' id='word_1_377' title='bbox 560 4139 755 4199; x_wconf 91' lang='lat' dir='ltr'><strong>minus</strong></span> <span class='ocrx_word' id='word_1_378' title='bbox 800 4139 1131 4198; x_wconf 88' lang='lat' dir='ltr'><strong>deformata</strong></span> <span class='ocrx_word' id='word_1_379' title='bbox 1148 4159 1161 4211; x_wconf 90' lang='lat'>;</span> <span class='ocrx_word' id='word_1_380' title='bbox 1208 4144 1335 4198; x_wconf 92' lang='lat' dir='ltr'><strong>tum</strong></span> <span class='ocrx_word' id='word_1_381' title='bbox 1369 4138 1736 4198; x_wconf 84' lang='lat' dir='ltr'><strong>Tirechanus</strong></span> <span class='ocrx_word' id='word_1_382' title='bbox 1782 4159 1899 4198; x_wconf 91' lang='lat' dir='ltr'><strong>non</strong></span> <span class='ocrx_word' id='word_1_383' title='bbox 1940 4142 2066 4215; x_wconf 87' lang='lat' dir='ltr'><strong>jam</strong></span> <span class='ocrx_word' id='word_1_384' title='bbox 2099 4146 2465 4217; x_wconf 84' lang='lat' dir='ltr'><strong>cognoverat</strong></span> 
     </span>
     <span class='ocr_line' id='line_1_45' title="bbox 237 4228 2461 4308; baseline 0 -20"><span class='ocrx_word' id='word_1_385' title='bbox 237 4228 497 4308; x_wconf 88' lang='lat' dir='ltr'><strong>Prosperi</strong></span> <span class='ocrx_word' id='word_1_386' title='bbox 538 4228 956 4301; x_wconf 86' lang='lat' dir='ltr'><strong>narrationem,</strong></span> <span class='ocrx_word' id='word_1_387' title='bbox 1005 4249 1124 4306; x_wconf 87' lang='lat' dir='ltr'><strong>qua</strong></span> <span class='ocrx_word' id='word_1_388' title='bbox 1152 4228 1528 4287; x_wconf 87' lang='lat' dir='ltr'><strong>Muirchuum</strong></span> <span class='ocrx_word' id='word_1_389' title='bbox 1558 4246 1729 4287; x_wconf 92' lang='lat' dir='ltr'><strong>usum</strong></span> <span class='ocrx_word' id='word_1_390' title='bbox 1761 4248 1887 4287; x_wconf 88' lang='lat' dir='ltr'><strong>esse</strong></span> <span class='ocrx_word' id='word_1_391' title='bbox 1919 4234 2195 4307; x_wconf 83' lang='lat' dir='ltr'><strong>apparet3</strong></span> <span class='ocrx_word' id='word_1_392' title='bbox 2244 4228 2461 4289; x_wconf 89' lang='lat' dir='ltr'><strong>deinde</strong></span> 
     </span>
     <span class='ocr_line' id='line_1_46' title="bbox 239 4316 2460 4378; baseline -0 -1"><span class='ocrx_word' id='word_1_393' title='bbox 239 4317 580 4377; x_wconf 74' lang='lat' dir='ltr'><strong>&#39;l&#39;irechanus</strong></span> <span class='ocrx_word' id='word_1_394' title='bbox 618 4316 948 4376; x_wconf 90' lang='lat' dir='ltr'><strong>Patricium</strong></span> <span class='ocrx_word' id='word_1_395' title='bbox 999 4318 1079 4375; x_wconf 82' lang='lat'><strong>29</strong></span> <span class='ocrx_word' id='word_1_396' title='bbox 1128 4318 1222 4377; x_wconf 84' lang='lat' dir='ltr'><strong>vel</strong></span> <span class='ocrx_word' id='word_1_397' title='bbox 1271 4319 1352 4375; x_wconf 82' lang='lat'><strong>26</strong></span> <span class='ocrx_word' id='word_1_398' title='bbox 1402 4336 1589 4377; x_wconf 90' lang='lat' dir='ltr'><strong>annos</strong></span> <span class='ocrx_word' id='word_1_399' title='bbox 1635 4316 1699 4375; x_wconf 91' lang='lat' dir='ltr'><strong>in</strong></span> <span class='ocrx_word' id='word_1_400' title='bbox 1729 4317 2023 4376; x_wconf 88' lang='lat' dir='ltr'><strong>Hibernia</strong></span> <span class='ocrx_word' id='word_1_401' title='bbox 2068 4318 2317 4377; x_wconf 84' lang='lat' dir='ltr'><strong>verbum</strong></span> <span class='ocrx_word' id='word_1_402' title='bbox 2363 4317 2460 4378; x_wconf 89' lang='lat' dir='ltr'><strong>dei</strong></span> 
     </span>
    </p>
   </div>
  </div>
 </body>
</html>
