3025 4909
1488 148 1928 222 2-74-

594 341 913 403 Caedvalla
932 386 947 415 ,
1010 341 1533 401 christianissimus
1588 342 1817 401 scilicet
1859 342 1961 402 ille
2003 342 2319 402 Britonum
2367 364 2472 402 rex
2520 344 2662 419 (cf.
2729 341 2911 400 Beda

591 435 650 491 h.
682 453 730 492 e.
766 433 824 504 2,
858 433 961 504 20,
994 432 1029 508 ἓ
1066 431 1220 507 147)
1272 429 1553 490 Aeduino
1605 430 1735 509 regi
1777 432 1997 491 bellum
2043 431 2253 491 intulit
2294 439 2358 492 et
2401 433 2507 491 illo
2565 435 2911 509 superato

593 530 775 599 atque
820 521 1131 580 interfecto
1177 519 1807 595 Nordanhymbrorum
1852 522 2122 598 regiones
2179 523 2337 580 ferro
2391 522 2687 599 ignique
2746 520 2908 579 adeo

593 610 872 684 vastavit,
917 615 987 668 ut
1029 609 1317 668 Paulinus
1361 609 1569 668 relicta
1613 610 1753 670 sede
1784 609 2169 670 cantuariam
2211 615 2678 670 reverteretur.
2761 608 2909 668 Una

594 720 734 760 vero
781 720 913 758 cum
957 698 1213 756 Paulino
1275 705 1337 757 et
1380 697 1513 776 ipsa
1558 698 1704 758 fides
1766 699 2089 758 christiana
2148 699 2434 760 discessit.
2525 700 2741 760 Nam
2800 700 2906 775 qui

594 788 937 849 Aeduinum
998 787 1186 846 secuti
1246 793 1384 846 sunt
1446 808 1621 864 reges
1638 832 1653 861 ,
1713 788 2070 860 Eanfridus,
2135 788 2451 847 Ethilfridi
2509 788 2905 847 decessoris
2968 783 2969 838 ἶ

597 877 862 939 Aeduini
909 877 1084 948 filius,
1130 875 1193 934 in
1237 875 1535 949 Bernicia,
1583 876 1838 949 Osricus,
1884 877 2070 955 ipsius
2116 876 2383 937 Aeduini
2428 878 2899 947 consobrinus,

596 969 659 1027 in
705 967 908 1038 Deira,
955 966 1191 1040 abjecta
1234 965 1383 1038 fide,
1443 986 1563 1041 qua
1621 966 1723 1024 ille
1783 968 1920 1026 exul
1978 967 2042 1025 in
2088 965 2293 1027 Scotia
2353 967 2450 1026 hic
2495 987 2531 1025 a
2581 966 2901 1025 Paulino
2968 1027 2969 1050 ᾖ

595 1057 859 1116 imbutus
906 1060 1064 1126 erat,
1111 1053 1194 1113 ad
1229 1052 1465 1133 priscas
1507 1051 1936 1135 id0(lo)latriae
1978 1054 2179 1116 sordes
2223 1063 2609 1116 reverterunt
2675 1055 2900 1131 (Beda

596 1147 654 1203 h.
702 1165 752 1203 e.
801 1145 858 1218 3,
910 1146 965 1217 1,
1015 1145 1050 1221 ἓ
1107 1143 1275 1220 150).
1366 1141 1485 1202 Sed
1540 1147 1666 1219 jam
1727 1149 2008 1221 sequente
2068 1165 2224 1204 anno
2268 1146 2347 1203 ab
2394 1145 2608 1205 eodem
2676 1143 2897 1204 Caed-

596 1235 756 1296 valla
818 1240 1071 1311 uterque
1129 1239 1473 1310 peremptus
1536 1239 1641 1292 est.
1734 1234 1866 1306 Quo
1927 1234 2190 1293 facinore
2237 1233 2559 1295 Caedvalla
2612 1233 2893 1294 nescius

598 1323 740 1385 fidei
786 1322 1145 1382 christianae
1190 1322 1348 1381 viam
1394 1321 1459 1380 in
1486 1323 1546 1382 N
1546 1322 2066 1399 ordanhymbriam
2111 1343 2319 1383 rursus
2358 1324 2619 1401 aperuit.
2714 1322 2892 1381 Nam

598 1413 933 1484 Oswaldus,
992 1410 1271 1470 Eanfridi
1327 1411 1515 1469 frater
1575 1418 1637 1470 et
1696 1414 1823 1487 ejus
1884 1412 2191 1488 Osricique
2251 1413 2315 1470 in
2372 1417 2503 1471 tota
2564 1412 2886 1473 Nordan·

597 1500 872 1579 hymbria
932 1519 1255 1572 successor,
1317 1505 1378 1558 et
1428 1501 1557 1578 ipse
1611 1521 1729 1559 una
1784 1521 1915 1560 cum
1974 1503 2163 1561 fratre
2210 1522 2246 1560 a
2291 1500 2487 1560 Scotis
2534 1502 2883 1570 educatuS,

598 1597 771 1651 tanto
816 1590 881 1648 in
927 1588 1104 1647 exilio
1151 1609 1292 1666 erga
1338 1587 1643 1648 Christum
1689 1607 1885 1649 amore
1933 1598 2062 1650 erat
2106 1591 2398 1663 incensus,
2442 1595 2528 1663 ut,
2574 1590 2886 1650 simulat-

602 1700 715 1756 que
761 1699 869 1738 rex
912 1680 1105 1737 factus
1166 1684 1281 1752 est,
1344 1678 1653 1737 consilium
1713 1686 1975 1756 caperet,
2037 1687 2106 1738 ut
2165 1679 2389 1738 auxilio
2444 1699 2654 1738 eorum
2671 1724 2688 1751 ,
2768 1677 2879 1756 qui

600 1769 795 1848 ipsum
842 1767 1200 1840 erudierant,
1245 1767 1530 1846 populum
1578 1788 1748 1826 suum
1794 1769 1870 1827 ad
1916 1769 2091 1827 fidem
2136 1769 2461 1828 reduceret.

780 1856 998 1933 Itaque
1057 1858 1280 1916 factum
1349 1862 1472 1929 est,
1538 1863 1611 1916 ut
1670 1857 1948 1917 Hiienses
2019 1863 2235 1934 rogatu
2304 1858 2462 1935 regis
2523 1856 2871 1916 Aedanum

603 1946 944 2025 episcopum
975 1946 1039 2004 in
1069 1946 1650 2022 Nordanhymbriam
1681 1945 1986 2006 mittentes
2018 1947 2212 2023 (Beda
2239 1947 2298 2005 h.
2330 1967 2379 2004 e.
2417 1948 2473 2018 3,
2509 1948 2567 2019 3,
2613 1947 2654 2024 ξ
2696 1944 2871 2013 155;

607 2036 662 2109 5,
710 2037 745 2112 ξ
800 2035 948 2110 164)
996 2034 1320 2093 dominium
1384 2054 1554 2093 suum
1601 2037 1694 2111 (ut
1737 2035 1824 2094 ita
1870 2036 2063 2094 dicam
2111 2056 2242 2094 cum
2287 2035 2481 2113 Beda)
2527 2036 2591 2093 in
2658 2034 2862 2113 ipsius

601 2124 799 2202 gentis
853 2122 1193 2200 Anglorum
1253 2123 1525 2199 regiones
1587 2130 2021 2202 propagarent,
2082 2145 2202 2183 non
2260 2124 2386 2183 dixi
2443 2124 2507 2183 in
2568 2124 2862 2184 Nordan-

601 2212 962 2291 hymbriam,
1025 2233 1162 2271 nam
1218 2233 1336 2271 non
1397 2212 1558 2271 solae
1602 2212 2013 2272 Berniciorum
2060 2220 2121 2273 et
2164 2213 2506 2272 Deiriorum
2552 2214 2857 2289 regiones,

605 2304 668 2362 in
712 2304 929 2380 quibus
958 2301 1243 2361 Aedanus
1274 2300 1670 2380 episcopalem
1716 2322 1884 2360 suam
1924 2303 2119 2368 sedem
2153 2303 2545 2362 constituerat
2589 2302 2654 2360 in
2703 2321 2861 2379 pen·

603 2393 798 2452 insula
828 2390 1321 2464 Lindisfarnensi,
1351 2389 1590 2449 Aedani
1637 2397 1699 2449 et
1743 2390 2033 2450 sociorum
2081 2412 2259 2469 opera
2304 2412 2473 2450 sacra
2519 2390 2859 2450 christiana
2962 2401 2970 2494 1

606 2484 1015 2558 susceperunt,
1078 2480 1182 2538 sed
1241 2485 1448 2556 postea
1509 2479 1688 2537 etiam
1736 2480 2144 2557 Middilanglis
2200 2486 2262 2539 et
2306 2480 2543 2539 Merciis
2604 2487 2859 2539 auctore

605 2590 744 2647 rege
800 2568 1002 2641 Osviu,
1066 2567 1328 2626 Oswaldi
1386 2567 1643 2645 primum
1705 2571 1885 2645 (anno
1950 2570 2102 2646 642)
2163 2569 2225 2627 in
2273 2568 2575 2640 Bernicia‚
2633 2569 2859 2627 deinde
2964 2609 2970 2638 ,

607 2659 1013 2734 (651-670)
1078 2657 1391 2715 interfecto
1453 2655 1691 2716 Oswino
1755 2657 1947 2734 (Beda
2003 2658 2059 2716 h.
2117 2678 2166 2716 e.
2217 2659 2283 2731 3,
2336 2659 2435 2732 14,
2483 2660 2518 2736 ξ
2570 2658 2727 2735 188)
2789 2658 2854 2715 in

605 2754 736 2808 tota
767 2745 1289 2823 Nordanhymbria
1333 2764 1680 2819 successore,
1728 2746 1805 2804 ad
1849 2745 2026 2805 fidem
2075 2747 2457 2806 christianam
2487 2746 2855 2807 transeunti-

607 2838 720 2894 bus
766 2857 802 2894 a
848 2835 1101 2909 Finano,
1147 2833 1387 2893 Aedani
1431 2854 1762 2894 successore
1810 2834 2233 2912 (651—661),
2289 2837 2596 2915 episcopus
2648 2856 2851 2896 conse-

613 2931 813 2984 cratus
861 2930 950 2983 est
996 2932 1057 2983 et
1100 2924 1314 2983 missus
1344 2923 1568 2982 Diuma
1614 2922 1872 3000 quidam,
1920 2924 2163 2983 natione
2193 2924 2406 2985 Scotus
2453 2925 2647 3001 (Beda
2692 2926 2752 2987 h.
2801 2946 2850 2984 e.

610 3014 669 3089 3,
720 3015 822 3088 21,
869 3015 904 3093 ξ
954 3013 1081 3071 210
1130 3033 1283 3089 sqq.,
1333 3013 1405 3070 cf.
1457 3012 1513 3084 3,
1562 3011 1662 3085 24,
1710 3014 1745 3090 ἓ
1795 3013 1967 3089 223),
2020 3033 2250 3073 necnon
2313 3015 2518 3074 eodem
2578 3021 2848 3092 tempore

607 3104 788 3164 etiam
836 3102 1172 3162 Orientales
1219 3099 1483 3160 Saxones
1508 3099 1720 3184 sicient,
1768 3122 1948 3183 quam
1992 3099 2131 3161 olim
2178 3104 2357 3178 (anno
2406 3105 2560 3181 616)
2607 3100 2848 3183 eapulso

608 3189 841 3252 Melitto
887 3189 1161 3261 antistite,
1222 3189 1554 3267 Augustini
1613 3190 2035 3250 Cantuarensis
2098 3192 2282 3266 socio,
2344 3188 2704 3273 abjecerant,
2760 3191 2842 3251 in-

608 3278 821 3340 stantia
863 3278 1017 3361 reyis
1055 3275 1234 3340 Osviu
1277 3286 1615 3357 receperunt
1660 3279 1740 3356 (h.
1787 3300 1836 3341 e.
1887 3281 1943 3355 3,
1978 3282 2078 3354 22,
2127 3283 2162 3360 ξ
2196 3283 2349 3359 213)
2397 3288 2456 3340 et
2504 3282 2843 3361 episcopum

610 3373 965 3446 acceperunt
1009 3368 1244 3428 nomine
1292 3367 1484 3441 Gedd,
1547 3367 1790 3428 natione
1836 3369 2129 3447 Anglum,
2185 3377 2248 3430 et
2291 3371 2486 3449 ipsum
2533 3392 2568 3429 a
2612 3370 2841 3429 Finano

607 3464 1028 3518 consecratum.

786 3547 1004 3623 Itaque
1051 3545 1310 3623 exceptis
1342 3545 1750 3605 Orientalibus
1794 3546 2029 3624 Anglis,
2078 3548 2181 3625 qui
2220 3550 2346 3623 jam
2391 3548 2622 3627 pridem
2662 3548 2835 3623 (631)

609 3658 644 3695 a
692 3635 1034 3695 Cantuariis
1094 3634 1273 3693 fidem
1333 3634 1716 3694 christianam
1777 3642 1840 3694 et
1898 3637 2237 3715 episcopum
2285 3638 2521 3697 nomine
2566 3636 2832 3710 Felicem,

609 3726 672 3784 in
718 3723 1073 3801 Burgundia
1132 3729 1338 3781 natum
1393 3729 1461 3799 *et
1522 3730 1940 3797 consecratum,
2003 3732 2354 3802 acceperant
2407 3726 2490 3802 (h.
2541 3748 2588 3785 e.
2638 3727 2691 3797 2,
2740 3725 2833 3799 15,

613 3816 648 3892 ξ
687 3814 857 3890 135),
888 3819 1019 3872 tota
1065 3833 1135 3871 ea
1166 3811 1518 3871 Britanniae
1548 3811 2133 3889 Anglo-Saxonicae'
2153 3835 2309 3892 pars,
2359 3835 2509 3892 quae
2543 3835 2578 3874 a
2611 3814 2835 3874 Tamesi

611 3902 851 3961 flumine
911 3901 975 3959 in
1041 3901 1473 3979 septentriones
1530 3901 1756 3978 vergit,
1830 3902 2182 3963 Hiiensibus
2251 3911 2382 3963 erat
2451 3905 2716 3979 subjecta
2768 3924 2833 3962 ac

612 3991 848 4068 quidem
892 4010 1011 4048 non
1059 3989 1404 4049 circuitione
1438 3990 1695 4067 quadam
1726 3987 1829 4050 sed
1858 3993 1961 4064 ita,
2005 3997 2076 4051 ut
2117 3992 2446 4052 arctissima
2475 3992 2830 4052 necessitudo

610 4088 765 4140 esset
826 4079 944 4138 illis
1002 4079 1343 4156 regionibus
1406 4099 1536 4138 cum
1598 4080 1815 4139 abbate
1876 4079 2141 4155 Hiiensi,
2202 4084 2368 4157 cujus
2430 4082 2830 4144 auctoritatem

611 4168 1171 4248 archiepiscopalem
1197 4167 1493 4246 quandam
1518 4168 1701 4227 fuisse
1728 4174 1886 4228 certe
1909 4169 2171 4229 hocloco
2195 4171 2265 4229 fit
2287 4171 2828 4231 manifestissimum.

608 4258 763 4319 Nam
811 4263 871 4316 et
911 4257 1201 4320 Aedanus
1248 4257 1441 4335 (Beda
1485 4258 1544 4316 h.
1591 4278 1642 4320 e.
1693 4258 1749 4333 3,
1800 4259 1857 4318 3.
1904 4259 2099 4337 §157
2150 4265 2213 4318 et
2263 4261 2416 4318 164:
2461 4258 2652 4341 sicque
2679 4255 2827 4318 illum
