3025 4909
1456 221 1888 278 ...60-

559 402 767 463 dubito
829 421 1024 461 annon
1078 403 1203 477 jam
1263 399 1438 459 hodie
1499 398 1771 477 cuiquam
1828 399 2006 459 liceat
2066 398 2401 459 nominibus
2448 398 2568 460 illis
2618 420 2839 476 argu-

559 491 841 565 mentari,
903 496 1061 550 certe
1108 490 1227 550 scio
1273 511 1365 549 me
1411 490 1604 569 ipsum
1667 496 1728 549 et
1780 510 2006 564 omnes,
2068 490 2171 566 qui
2217 488 2510 563 nesciant,
2574 488 2839 568 quibus

563 580 905 642 auctoribus
950 580 1217 657 singulae
1263 580 1672 659 episcoporum
1702 580 1797 639 vel
1830 580 2111 638 abbatum
2144 579 2472 639 mentiones
2500 579 2834 653 nitantur,

561 670 897 747 hujusmodi
945 669 1310 747 argumentis
1366 690 1488 729 rem
1535 668 1735 748 potius
1779 670 2231 746 perturbaturus
2272 688 2421 742 esse,
2468 689 2663 746 quam
2720 690 2832 727 ex-

559 761 920 841 planaturos.
984 759 1381 833 Quamobrem
1425 758 1488 817 in
1535 758 1625 833 iis,
1670 778 1822 835 quae
1853 760 2168 837 proferam,
2213 758 2290 818 ad
2334 758 2580 818 annales
2609 759 2825 818 raris·

559 851 704 910 sime
747 850 1101 929 provocabo.

613 942 622 951 '
739 939 858 999 Sed
901 937 1208 998 redeamus
1252 938 1328 997 ad
1365 937 1410 998 J
1412 937 1661 997 ohannis
1706 957 1898 1016 papae
1945 938 2275 1017 epistulam.
2337 937 2823 998 Concedendum

560 1036 651 1090 est
696 1048 924 1101 omnes,
972 1027 1186 1106 quibus
1229 1027 1515 1105 inscripta
1562 1032 1674 1100 est,
1735 1026 1914 1086 fuisse
1960 1028 2234 1100 abbates,
2291 1028 2395 1088 sed
2440 1048 2559 1086 non
2607 1028 2821 1105 negli-

562 1118 822 1198 gendum
866 1117 1177 1177 nonnullos
1210 1118 1363 1177 solos
1395 1116 1690 1176 nominari
1721 1116 2040 1195 episcopos.
2101 1118 2186 1176 Et
2216 1138 2346 1177 cum
2380 1117 2820 1196 episcoporum

563 1215 624 1268 et
668 1209 1150 1286 presbyterorum
1197 1212 1257 1266 et
1302 1206 1657 1285 dignitatem
1703 1211 1764 1265 et
1807 1227 2053 1267 munera
2098 1207 2333 1267 diversa
2388 1207 2566 1266 fuisse
2614 1227 2821 1286 supra

562 1301 645 1377 (p.
698 1297 807 1375 58)
854 1297 1300 1375 cognoverimus
1346 1296 1462 1355 alia
1520 1296 1699 1357 fuisse
1753 1316 1987 1356 necesse
2048 1303 2137 1356 est
2195 1316 2439 1356 munera
2500 1295 2817 1369 Tomiani,

563 1387 916 1453 columbani
980 1387 1343 1465 reliquorum
1404 1386 1810 1465 episcoporum
1871 1391 1932 1445 et
1975 1386 2285 1459 abbatum,
2346 1385 2465 1445 alia
2511 1384 2818 1445 Oromani

563 1484 624 1537 et
668 1477 1029 1554 reliquorum
1076 1477 1360 1535 abbatum
1392 1476 1893 1553 presbyterorum.
1955 1475 2049 1534 De
2081 1495 2198 1553 qua
2243 1495 2308 1535 re
2354 1475 2499 1552 quid
2543 1475 2816 1534 senserit

562 1568 689 1640 ille,
749 1565 852 1643 qui
912 1565 1224 1643 epistulam
1285 1564 1551 1643 scripsit,
1611 1564 1916 1626 Johannes
1973 1585 2157 1644 papa,
2218 1565 2390 1625 facile
2452 1567 2812 1641 conjectura

564 1660 764 1735 potest
794 1655 1006 1732 colligi.
1074 1655 1256 1714 Haud
1287 1653 1464 1714 dubie
1497 1654 1653 1713 enim
1684 1654 1798 1714 sibi
1836 1655 2150 1732 persuasit,
2181 1654 2553 1727 Hiberniam,
2587 1674 2807 1731 quam-

563 1745 653 1805 vis
700 1744 954 1807 maxima
986 1750 1139 1804 esset
1168 1744 1661 1804 monasteriorum
1693 1744 2033 1818 auctoritas,
2080 1751 2277 1805 tamen
2318 1745 2406 1803 ita
2437 1743 2806 1823 descriptam

564 1855 689 1895 esse
735 1834 796 1893 in
830 1834 1188 1913 episcopales
1217 1833 1504 1911 regiones,
1551 1840 1620 1894 ut
1651 1833 1925 1910 episcopi,
1974 1833 2076 1911 qui
2107 1834 2285 1893 iidem
2326 1834 2576 1893 abbates
2608 1839 2806 1906 erant,

564 1925 926 2002 singularum
973 1923 1326 1983 dioecesium
1386 1944 1585 1983 curam
1646 1928 1937 2001 gererent.
2027 1924 2204 1983 Hanc
2256 1923 2622 2001 opinionem,
2684 1923 2802 1981 etsi

566 2013 831 2073 Toddius
878 2013 974 2089 (cf.
1017 2012 1287 2091 Loening
1336 2011 1421 2086 H,
1453 2034 1508 2091 p.
1544 2013 1672 2071 413
1715 2017 1776 2071 et
1815 2012 1988 2089 445),
2037 2032 2211 2090 quem
2257 2011 2510 2072 Skenius
2558 2018 2801 2072 secutus

569 2109 658 2162 est
704 2102 814 2178 (II,
846 2123 902 2180 p.
940 2102 1048 2179 94)
1095 2102 1270 2161 aliter
1313 2102 1554 2162 videtur
1598 2101 1862 2175 sensisse,
1910 2123 1965 2181 a,
1984 2122 2125 2161 vero
2171 2103 2420 2162 multum
2468 2102 2799 2175 aberrasse,

564 2213 684 2252 non
728 2191 945 2263 habeo,
1008 2191 1166 2269 quod
1224 2196 1443 2269 putem.
1536 2190 1850 2250 Accedunt
1909 2191 2063 2250 enim
2124 2191 2201 2251 ad
2261 2191 2448 2270 ipsius
2504 2192 2797 2270 epistulae

566 2281 977 2342 auctoritatem
1025 2281 1144 2341 alia
1189 2287 1566 2359 argumenta,
1628 2300 1780 2358 quae
1824 2300 1950 2339 rem
2004 2281 2091 2342 ita
2145 2301 2271 2342 sese
2315 2281 2591 2341 habuisse
2640 2301 2791 2340 com·

562 2373 832 2451 probent.

739 2460 1005 2519 Primum
1054 2460 1212 2537 quod
1257 2459 1508 2519 Patricii
1556 2461 1921 2539 temporibus
1968 2459 2290 2539 episcopos,
2336 2467 2406 2520 ut
2450 2461 2539 2519 ita
2584 2459 2791 2534 dicam,

563 2549 930 2630 parochiales
974 2549 1037 2607 in
1083 2549 1378 2608 Hibernia
1422 2550 1605 2610 fuisse
1664 2557 1939 2628 putemus
1998 2569 2231 2609 necesse
2288 2557 2403 2624 est,
2470 2550 2627 2628 quod
2684 2570 2792 2608 nec

565 2639 820 2700 Skenius
879 2644 1063 2717 negat
1121 2659 1230 2697 nec
1277 2638 1542 2699 Toddius
1602 2659 1845 2717 negasse
1899 2640 2152 2699 videtur.
2241 2639 2395 2700 Nam
2457 2639 2506 2698 si
2567 2638 2786 2715 aliquid

565 2731 637 2789 de
682 2727 946 2788 Patricio
995 2733 1252 2801 constat,
1315 2728 1426 2787 hoc
1471 2736 1695 2788 certum
1742 2735 1849 2788 est.
1939 2728 2073 2789 Non
2134 2729 2470 2806 provocabo
2516 2728 2594 2787 ad
2636 2728 2788 2787 vitas

566 2838 755 2896 neque
815 2818 890 2876 ad
950 2817 1097 2876 illud
1141 2816 1394 2877 Patricii
1450 2815 1783 2889 „Patricius
1841 2814 2196 2877 Hibernimw
2255 2816 2587 2878 constitutus
2647 2815 2783 2898 epis-

566 2912 780 2987 copa-W
829 2908 947 2984 (ep.
1001 2909 1030 2964 1
1083 2906 1162 2965 H.
1211 2907 1329 2966 and
1375 2905 1461 2967 St.
1508 2907 1603 2981 II,
1654 2908 1690 2965 2
1748 2928 1806 2985 p.
1856 2908 2010 2984 314)
2073 2927 2262 2985 neque
2323 2907 2399 2965 ad
2460 2907 2786 2985 catalogum

571 2997 937 3070 Sanctorum,
984 2996 1048 3056 in
1096 3017 1212 3074 quo
1257 2996 1402 3054 haec
1447 2995 1849 3074 reperiuntur:
1887 2995 2124 3079 primus
2169 2994 2316 3056 ordo
2366 2993 2786 3057 Gztholicorum

567 3084 918 3147 Sanctorum
980 3093 1105 3145 erat
1161 3083 1225 3144 in
1284 3093 1539 3169 tempore
1594 3082 1854 3146 Patricii.
1960 3082 2041 3146 Et
2099 3093 2232 3145 tunc
2290 3094 2455 3145 eram
2510 3082 2786 3168 Epi-scopi

566 3195 762 3237 omnes
792 3220 996 3235 .....
1043 3171 1137 3234 Hi
1181 3194 1375 3235 omnes
1420 3172 1675 3256 episcqn’
1716 3173 1789 3234 de
1836 3172 2124 3236 Romanis
2170 3184 2220 3235 et
2268 3170 2520 3235 Francis
2564 3184 2617 3235 et
2644 3173 2777 3235 Bm·-

568 3264 792 3326 tom'bus
839 3274 890 3326 et
936 3262 1124 3326 Scotis
1170 3263 1359 3326 eoeorti
1400 3272 1532 3323 sunt
1577 3264 1681 3342 (H.
1728 3264 1861 3323 and.
1910 3264 1996 3325 St.
2045 3263 2129 3339 II,
2175 3267 2212 3323 2
2259 3287 2317 3344 p.
2352 3266 2523 3343 292),
2571 3265 2670 3324 sed
2711 3264 2779 3323 ad

565 3355 791 3434 patrios
837 3355 1022 3432 ipsius
1075 3353 1323 3413 Patricii
1385 3374 1573 3413 mores
1620 3357 1823 3432 (supra
1868 3375 1925 3432 p.
1977 3355 2086 3432 29)
2134 3361 2194 3414 et
2254 3375 2447 3414 coram
2504 3354 2776 3426 omnibus,

568 3445 782 3523 quibus
839 3443 1168 3503 Patricium
1228 3462 1358 3501 cum
1418 3442 1705 3503 Romanis
1764 3444 2251 3504 necessitudinem
2328 3444 2604 3505 habuisse
2660 3464 2776 3521 per-

567 3533 865 3608 suaserim,
891 3534 967 3592 ad
989 3531 1293 3591 Romanae
1318 3533 1595 3592 ecclesiae
1620 3534 2114 3593 consuetudinem.
2170 3533 2394 3608 Quodsi
2417 3533 2479 3591 in
2503 3533 2775 3593 Hibernia

570 3624 709 3682 olim
754 3624 994 3681 fuerunt
1040 3621 1206 3680 sedes
1252 3622 1639 3700 episcopales,
1699 3621 1856 3681 haud
1916 3623 2089 3682 facile
2147 3623 2456 3700 quisquam
2504 3623 2619 3682 sibi
2658 3643 2771 3700 per·

568 3713 813 3772 suadeat
859 3731 1085 3770 omnem
1134 3711 1353 3790 prioris
1398 3717 1589 3786 status
1635 3712 1973 3771 memoriam
2021 3711 2325 3771 evanuisse
2370 3712 2529 3772 inter
2571 3709 2771 3772 Scotoa

751 3800 1083 3860 Secundum
1117 3801 1275 3880 quod
1308 3800 1549 3860 summis
1581 3802 1642 3860 in
1673 3801 1993 3862 honoribus
2025 3800 2180 3879 apud
2213 3799 2421 3860 Scotos
2465 3802 2774 3860 habebatur

571 3891 990 3967 Hieronymus.
1082 3890 1269 3968 Cujus
1313 3890 1528 3949 aetatis
1575 3891 1676 3969 qui
1721 3892 1927 3951 fuisset
1980 3896 2174 3950 status
2231 3891 2654 3950 ecclesiasticus
2693 3891 2771 3948 vel

567 3980 993 4053 hierarchicus,
1057 3980 1223 4040 Scoti
1283 4000 1398 4038 non
1455 3980 1839 4056 ignorabant,
1902 3981 2079 4038 immo
2125 3979 2414 4040 Columba
2459 3980 2768 4039 Luxovien·

567 4072 664 4145 sis,
710 4069 976 4130 Hiiensis
1022 4070 1345 4129 Columbae
1392 4069 1671 4145 aequalis,
1719 4069 1904 4148 ipsius
1949 4069 2301 4148 Hieronymi
2345 4070 2542 4130 verbis
2589 4069 2769 4142 utitur,

566 4166 636 4219 ut
699 4179 849 4237 quae
913 4159 1033 4219 sint
1095 4159 1501 4237 episcoporum
1521 4204 1534 4231 ,
1607 4178 1757 4236 quae
1832 4158 2244 4218 monachorum
2306 4157 2499 4218 officia
2559 4158 2767 4218 doceat:

568 4246 654 4309 St.
718 4245 1144 4331 HieronymuS,
1206 4247 1400 4325 inquit
1445 4249 1568 4326 (ep.
1620 4249 1675 4320 2,
1736 4246 1879 4306 bibl.
1924 4268 2073 4306 max.
2120 4255 2275 4327 patr.
2330 4249 2425 4321 12,
2471 4270 2529 4326 p.
2581 4246 2660 4307 26
2685 4248 2770 4324 D.)

553 4335 736 4420 jussit
766 4335 1060 4419 episcopos
1087 4334 1313 4397 imitari
1342 4333 1650 4420 apostolo&
1694 4334 2005 4398 monachos
2034 4356 2166 4398 vero
2197 4336 2389 4398 docuit
2417 4336 2577 4419 sequi
2597 4345 2773 4419 patras
