3025 4909
1432 174 1872 232 ...72-

532 354 857 412 solventur.
925 353 1079 412 Nam
1125 372 1257 410 cum
1302 351 1505 410 eodem
1533 371 1711 421 anno,
1758 371 1875 427 quo
1907 350 2242 410 Cumcanus
2274 348 2528 427 Segenio
2557 366 2812 407 renun-

535 442 734 514 ciavit,
781 441 1058 499 Hiienses
1105 446 1445 500 consecrato
1486 440 1999 516 Nordanhymbris
2041 439 2321 517 episcopo
2368 438 2809 516 principatum

541 550 711 589 suum
772 530 933 589 ultra
976 530 1284 588 Pictorum
1341 529 1489 589 fines
1548 530 1613 588 in
1665 529 1854 607 ipsam
1899 528 2275 587 Britanniam
2319 526 2808 606 promovissent,

537 618 675 677 inde
733 620 810 677 ab
869 639 1024 678 anno
1074 619 1202 677 634
1247 620 1448 698 potior
1499 639 1640 697 pars
1699 617 1979 677 ecclesiae
2023 616 2657 676 Hiber-no·Scotcrum
2727 616 2808 673 in

516 707 987 785 -septentrionali
1029 706 1346 767 Britannia
1391 714 1537 781 erat,
1582 707 1647 766 in
1690 706 1907 766 finibus
1945 707 2269 778 Pictorum,
2297 705 2631 768 ,8601011161
2661 702 2804 763 Al-

538 796 900 870 banensium,
945 798 1004 857 N
1004 798 1571 874 ordanhymbrorum
1617 796 1983 872 aliorumque
2027 794 2346 854 Saxonum.

712 885 833 945 Sed
905 906 1084 944 unam
1150 894 1329 946 antea
1389 906 1721 965 proponere
1781 886 1959 945 116661
2017 884 2436 961 quaestionem.
2540 883 2796 954 Nonne,

534 995 772 1051 quaeso,
821 994 952 1033 cum
997 981 1120 1034 tam
1165 975 1338 1034 facile
1384 981 1446 1035 et
1488 981 1614 1033 tam
1646 974 1917 1033 celeriter
1946 974 2223 1033 australis
2253 971 2584 1031 Hiberniae
2615 972 2794 1049 epis-

538 1063 671 1141 copi
702 1083 833 1121 cum
864 1063 1150 1124 Romanis
1179 1066 1524 1125 societatem
1552 1063 1812 1136 inierint,
1844 1064 2163 1122 absurdum
2194 1067 2300 1135 est,
2327 1081 2463 1120 cum
2492 1060 2792 1119 Ebrardo

538 1158 754 1229 putare
800 1157 862 1211 et
906 1153 1177 1212 doctrina
1221 1160 1283 1212 et
1326 1153 1588 1212 moribus
1633 1154 1808 1229 longe
1853 1153 2146 1211 diversam
2189 1149 2370 1210 fuisse
2416 1171 2453 1208 a
2496 1151 2791 1208 Romana

537 1240 841 1300 ecclesiam
873 1241 1224 1301 Scotorum?
1300 1240 1405 1301 An
1451 1242 1732 1302 omdibile
1778 1249 1870 1302 est
1897 1241 2279 1312 Gumoarium,
2325 1240 2379 1297 si
2422 1239 2511 1298 ita
2541 1239 2787 1312 fuisset,

533 1329 607 1388 de
666 1330 833 1389 nulla
888 1331 1009 1389 alia
1066 1351 1133 1389 re
1193 1330 1311 1390 nisi
1372 1330 1445 1389 de
1505 1331 1872 1391 celebrandis
1926 1330 2094 1389 festis
2138 1328 2514 1407 paschalibus
2560 1327 2787 1386 diebus

532 1417 789 1496 Segenio
837 1418 1186 1498 scripsisse?
1257 1420 1417 1494 Quin
1463 1420 1643 1479 etiam
1689 1419 1816 1498 ipse
1860 1440 2018 1498 papa
2065 1439 2197 1478 cum
2229 1417 2423 1477 860116
2467 1435 2653 1494 agens
2701 1416 2785 1474 de

532 1508 700 1565 nulla
742 1507 862 1565 alia
905 1528 969 1566 re
1015 1508 1131 1567 nisi
1162 1509 1236 1566 de
1266 1510 1671 1570 controversia
1700 1509 1964 1587 paschali
1994 1515 2057 1567 et
2086 1509 2159 1567 de
2188 1506 2514 1583 Pelagiana
2541 1505 2786 1565 haered

531 1601 743 1674 utpote
798 1596 957 1673 apud
1004 1595 1214 1656 Scotos
1257 1597 1676 1658 revisviscente
1722 1600 1906 1657 verba
1949 1597 2092 1656 fecit
2137 1596 2330 1672 (Beda
2372 1595 2429 1653 h.
2475 1616 2525 1653 e.
2573 1596 2635 1667 2,
2691 1594 2778 1652 19

532 1684 570 1761 ἓ
622 1683 750 1742 144
780 1687 894 1762 sq.)
941 1718 1027 1730 —·-
1075 1685 1473 1765 Conspicuam
1517 1687 1668 1746 illud
1712 1688 1982 1759 alterum,
2029 1686 2142 1745 etsi
2171 1684 2446 1744 Ebrardo
2494 1686 2577 1761 (p.
2616 1684 2779 1759 171)

530 1772 715 1833 risum
777 1774 989 1848 movit,
1050 1775 1271 1853 quippe
1328 1776 1431 1852 qui
1485 1796 1605 1835 non
1651 1775 1996 1853 cognoverit
2038 1776 2102 1834 in
2146 1775 2300 1832 libro
2346 1773 2778 1832 Ardmachano

518 1862 779 1939 singulis
827 1863 1097 1941 epistulis
1127 1864 1400 1924 Paulinis
1443 1886 1481 1924 a
1510 1865 1775 1924 librariis
1803 1864 2127 1943 praemissa
2157 1883 2283 1923 esse
2314 1867 2667 1939 argumenta
2698 1881 2777 1919 ex

529 1950 765 2028 Pelagii
802 1952 863 2009 in
904 1954 1191 2029 epistulas
1222 1955 1505 2014 Paulinae
1536 1953 2000 2032 expositionibus
2029 1955 2339 2030 desumpta
2368 1951 2652 2026 (Betham
2683 1948 2774 2019 ΙΙ,

530 2060 590 2117 p.
641 2041 762 2097 261
814 2043 989 2117 sqq.).
1066 2042 1232 2114 Quae
1275 2050 1477 2102 utrum
1523 2043 1769 2119 Pelagio
1816 2064 1893 2102 an
1932 2043 2297 2118 Hieronymo
2339 2041 2604 2118 ascripta
2645 2038 2773 2097 sint

531 2128 596 2186 in
642 2128 796 2188 libro
842 2129 1279 2204 Ardmachano,
1325 2131 1539 2207 nescio,
1585 2153 1720 2190 nam
1768 2152 1958 2208 neque
1999 2130 2351 2191 Bethamius
2396 2147 2589 2205 neque
2620 2127 2769 2187 Ske-

531 2217 665 2276 nius
713 2217 824 2293 (II,
871 2238 929 2295 p.
977 2219 1133 2296 424)
1180 2220 1254 2278 de
1307 2221 1418 2278 hac
1468 2242 1539 2280 re
1589 2222 1777 2281 verba
1820 2222 2104 2279 fecerunt.
2194 2219 2314 2279 Sed
2355 2238 2490 2277 611111
2536 2222 2769 2276 constet

532 2306 766 2384 Pelagii
812 2308 1208 2386 expositiones
1252 2309 1426 2368 hodie
1471 2309 1729 2369 inveniri
1772 2310 1932 2369 inter
1973 2308 2324 2385 Hieronymi
2369 2328 2569 2385 opera,
2617 2326 2769 2383 qnae

530 2396 775 2454 summis
822 2397 885 2454 in
929 2397 1251 2457 honoribus
1292 2399 1451 2476 apud
1483 2398 1692 2459 Scotos
1722 2399 2112 2472 habebantur,
2158 2397 2367 2457 860106
2395 2403 2605 2474 aperte
2635 2415 2768 2453 611111

530 2484 779 2561 Pelagio
841 2486 1090 2545 sensisse
1150 2507 1268 2545 non
1328 2488 1521 2546 credo.
1616 2488 1842 2546 Tamen
1901 2487 2100 2547 fictam
2144 2488 2325 2545 fuisse
2370 2486 2533 2561 illam
2577 2503 2767 2562 papae

529 2572 1058 2648 insimulationem,
1121 2576 1252 2652 quis
1311 2577 1664 2636 contendere
1724 2576 1943 2635 audeat
1957 2576 1986 2634 P
2079 2575 2197 2634 Sed
2249 2595 2381 2633 cum
2429 2575 2547 2633 alia
2592 2574 2763 2649 hujus

526 2662 614 2720 rei
664 2669 825 2722 certa
843 2662 867 2698 ¹
914 2663 1136 2722 mentio
1181 2684 1299 2723 non
1345 2673 1642 2739 occurrat,
1703 2670 1912 2725 contra
1955 2685 2088 2722 611111
2133 2663 2261 2743 ipse
2308 2663 2623 2723 wilfridus
2665 2662 2764 2739 (de

524 2771 645 2826 quo
706 2751 890 2827 infra)
951 2772 1106 2811 anno
1170 2755 1297 2812 680
1350 2774 1468 2835 pro
1524 2754 1686 2814 ommi
1735 2749 2057 2835 aquilonali
2093 2761 2274 2834 parte
2317 2750 2671 2812 Britanniae
2713 2759 2764 2811 et

528 2836 848 2901 fflbemz'ae
902 2837 1132 2913 insulis,
1187 2862 1333 2924 quae
1388 2842 1461 2904 ab
1508 2840 1843 2923 Anylorum
1890 2850 1942 2902 et
1986 2840 2308 2902 Britonum
2360 2860 2580 2902 necnon
2623 2838 2758 2900 Soo-

520 2936 722 2987 torum
766 2937 819 2989 et
846 2925 1152 2989 Pictorum
1193 2930 1453 3012 yentibue
1498 2928 1833 2992 colebantur
1877 2950 2078 2991 veram
2122 2940 2175 2992 et
2204 2928 2550 2989 cathol‘e’cam
2573 2929 2757 3014 fldem

526 3018 900 3077 confessus
931 3018 1028 3078 sit
1052 3020 1361 3098 (Stephan.
1386 3020 1618 3079 Eddius
1648 3022 1754 3081 vit.
1779 3021 1975 3079 Wilfr.
2009 3041 2055 3078 6.
2091 3021 2173 3078 50
2205 3021 2363 3079 Mab.
2388 3019 2549 3080 Acta
2575 3019 2686 3094 IV,
2723 3021 2750 3077 1

522 3127 664 3185 app.
696 3130 755 3186 p.
792 3109 965 3185 710),
1010 3109 1251 3169 levioris
1294 3110 1579 3169 momenti
1624 3130 1742 3168 non
1773 3131 1898 3169 esse
1938 3129 2057 3168 non
2087 3115 2287 3187 potest
2315 3110 2417 3167 illa
2448 3110 2751 3169 accusatio.

522 3195 872 3256 Praeterea:
921 3198 1056 3276 quis
1078 3201 1081 3206 ’
1101 3199 1308 3258 tulerit
1353 3198 1655 3259 Gracchos
1697 3200 1773 3257 de
1820 3197 2106 3257 seditione
2153 3200 2490 3276 querentes!

706 3286 938 3345 Omissa
997 3288 1185 3364 igitur
1242 3288 1354 3346 hac
1411 3288 1851 3347 insimulatione
1911 3307 2020 3365 pro
2083 3296 2245 3348 certo
2292 3288 2629 3346 habendum
2669 3294 2752 3347 est

522 3373 831 3432 ecclesiam
879 3374 1189 3434 Scotorum
1236 3375 1561 3436 Columbae
1617 3382 1815 3436 aetate
1860 3396 1992 3434 cum
2037 3377 2329 3436 catholica
2374 3376 2447 3436 de
2494 3377 2752 3436 doctrina

525 3463 703 3541 plane
765 3464 1140 3523 consensisse.
1233 3465 1384 3526 Nam
1443 3487 1594 3544 quae
1639 3466 1951 3525 Ebrardus
2005 3466 2259 3543 protulit
2310 3466 2382 3524 de
2427 3473 2750 3525 sanctorum

523 3558 590 3610 et
633 3551 1016 3628 reliquiarum
1064 3554 1227 3613 cultu
1271 3561 1481 3634 utpote
1527 3577 1564 3615 a
1596 3554 1791 3614 Scotis
1836 3556 2149 3633 repudiato
2197 3562 2259 3614 et
2303 3555 2376 3613 de
2415 3554 2748 3632 virginitate

524 3639 590 3698 in
651 3642 894 3701 summis
953 3642 1276 3702 honoribus
1336 3665 1455 3703 non
1508 3643 1743 3717 habita,
1804 3650 1927 3703 tam
1974 3643 2129 3703 levia
2174 3650 2339 3717 sunt,
2398 3649 2469 3702 ut
2511 3664 2644 3703 611111
2684 3664 2748 3701 ex

525 3728 671 3806 ipsis
718 3733 861 3804 ejus,
907 3732 980 3790 de
1020 3752 1138 3810 qua
1169 3732 1415 3809 agimus,
1461 3734 1676 3792 aetatis
1707 3732 2062 3792 testimoniis
2093 3733 2318 3791 nullum
2350 3739 2746 3809 argumentum

520 3818 837 3879 Ebrardus
893 3820 1239 3898 protulerit„
1292 3821 1439 3880 mihi
1490 3828 1832 3901 pertaesum
1877 3822 1980 3894 sit,
2040 3822 2215 3899 plura
2261 3822 2334 3880 de
2379 3822 2490 3880 1166
2534 3843 2600 3881 16
2643 3822 2744 3881 dis-

524 3914 757 3986 putare.
849 3907 1011 3969 Satis
1068 3910 1318 3969 habeam
1379 3931 1715 3971 asseverare
1777 3930 1869 3969 me
1930 3910 2154 3972 nullum
2216 3910 2492 3969 clericum
2547 3912 2743 3971 nedum

675 4136 695 4166 ²
735 4135 932 4205 Neque
960 4109 1221 4191 Ueserius
1247 4137 1318 4190 de
1343 4135 1759 4207 Pelagianismo
1786 4136 1845 4189 in
1864 4136 2163 4191 Britannia
2185 4137 2561 4192 reviviscente
2588 4138 2741 4191 disse·

514 4222 654 4259 rens
703 4207 1117 4276 (Gotteschalci
1167 4211 1225 4260 et
1270 4207 1829 4262 Praedestinatianae
1876 4208 2297 4262 controversiae
2343 4208 2413 4262 ab
2463 4226 2529 4263 eo
2574 4213 2741 4263 motae

522 4277 776 4332 historia.
852 4279 1168 4335 Hanoviae.
1209 4279 1364 4334 1662.
1428 4297 1483 4348 p.
1525 4281 1554 4331 1
1595 4281 1742 4348 sqq.)
1781 4279 1946 4347 plura
1992 4281 2189 4334 attulit
2223 4285 2382 4333 certa
2417 4280 2737 4335 testimonia.
