3025 4909
1172 216 1599 276 ...25—

271 400 387 459 hoc
432 399 632 459 odium
678 420 795 458 non
840 419 991 458 unus
1035 398 1204 457 Beda
1250 404 1666 458 commemorat
1712 398 1792 474 (h.
1825 417 1873 456 e.
1908 399 1965 472 2,
1999 399 2082 456 20
2132 397 2167 475 ἓ
2206 397 2358 475 147)
2403 397 2506 456 sed

270 491 679 569 comprobant*
709 490 972 568 ipsorum
1002 488 1335 562 Britonum,
1381 508 1532 564 quae
1579 493 1815 547 exstant
1860 488 2078 546 saeculi
2108 482 2218 547 VIi
2266 492 2326 546 et
2355 483 2506 548 VIP

269 580 536 639 carmina
585 580 679 655 (cf.
712 578 1126 656 Lappenberg‚
1175 577 1530 638 Geschichte
1575 598 1689 637 von
1722 576 1999 654 England
2043 599 2099 655 p.
2132 576 2506 654 XXXVII).

456 668 618 743 Quae
666 687 795 727 cum
841 668 928 727 ita
974 668 1097 728 sint
1109 665 1133 742 ,’
1188 671 1314 744 jam
1370 673 1621 745 apparet
1674 666 2137 726 controversiam
2194 688 2263 726 ea
2316 672 2506 744 parte,

271 752 568 836 quatenus
615 778 685 816 ex
731 778 959 816 morum
1005 757 1353 817 diversitate
1410 762 1543 816 orta
1598 763 1756 829 erat,
1820 776 2060 834 gravem
2118 778 2238 816 non
2295 757 2505 827 fuisse3

269 856 476 907 tamen
521 848 852 906 accuratius
900 848 1070 909 nobis
1124 846 1612 925 perscrutandum
1668 852 1782 920 est,
1843 846 2083 922 quinam
2142 845 2364 905 fuerint
2419 844 2508 903 illi

268 937 456 1015 prisci
513 956 720 996 mores.
831 937 997 996 Duos
1057 935 1463 1013 Augustinum
1525 934 1692 994 Beda
1751 935 1894 994 facit
1953 942 2507 995 commemorantem
2613 989 2618 996 .

271 1027 358 1102 (h.
403 1047 451 1085 e.
500 1028 557 1099 2,
608 1028 645 1083 2
695 1026 730 1104 ἓ
783 1026 907 1102 93),
976 1026 1330 1105 peculiarem
1377 1025 1519 1085 festi
1563 1025 1855 1104 paschalis
1901 1024 2402 1103 computationem
2448 1030 2508 1084 et

269 1115 620 1194 baptizandi
666 1136 899 1175 morem.

453 1206 546 1264 De
579 1206 1019 1283 computatione
1050 1205 1188 1264 festi
1218 1204 1512 1283 paschalis
1559 1225 1739 1283 supra
1776 1206 1903 1280 jam
1950 1204 2094 1263 satis
2140 1203 2506 1282 disputatum

273 1300 380 1353 est.
472 1294 833 1372 Baptizandi
892 1300 1089 1353 autem
1149 1294 1250 1371 qui
1311 1295 1493 1353 fuerit
1561 1314 1687 1353 mos
1745 1293 2063 1352 Britonum
2082 1338 2097 1367 ‚
2165 1313 2274 1372 pro
2346 1298 2506 1352 certo

271 1384 562 1443 affirmari
607 1404 724 1442 non
769 1390 965 1461 potest
1013 1384 1108 1459 (cf.
1142 1382 1361 1461 Bright
1405 1407 1461 1463 p.
1497 1385 1626 1461 80).
1720 1382 2000 1442 Testibus
2045 1382 2189 1442 viris
2236 1381 2504 1441 doctissi-

271 1473 386 1532 mis
416 1473 496 1531 Η.
545 1473 661 1531 and
693 1472 782 1532 St.
830 1473 905 1549 (Ι,
951 1496 1008 1552 Ρ.
1048 1473 1170 1531 153
1204 1476 1317 1551 sq.)
1365 1494 1612 1551 quorum
1659 1471 2011 1531 sententiam
2056 1472 2363 1531 verbosius
2410 1492 2506 1530 ex·

270 1562 544 1641 planavit
589 1561 939 1621 Warrenius
986 1565 1066 1641 (p.
1117 1563 1330 1622 64—6
1343 1567 1406 1641 7)
1461 1563 1719 1621 omnium
1779 1566 2248 1637 conjecturarum
2304 1560 2505 1621 verisi-

272 1652 519 1710 millima
566 1657 679 1724 est,
727 1652 884 1727 quod
930 1653 1089 1731 apud
1133 1652 1415 1712 Britones
1460 1651 1726 1711 infantesv
1761 1651 2105 1730 baptizandi
2151 1652 2331 1711 semel
2377 1658 2506 1710 tan-

272 1747 400 1800 tum
444 1741 508 1799 in
554 1761 766 1817 aquam
812 1743 1233 1818 mergebantur
1277 1763 1393 1801 non
1424 1748 1534 1814 ter,
1581 1741 1736 1800 siout
1763 1761 1888 1800 mos
1930 1746 2061 1800 erat
2088 1740 2506 1800 Romanorum.

271 1831 409 1889 Hac
457 1850 598 1907 ergo
645 1834 983 1906 conjectura
1029 1828 1478 1924 acquiescamus.

457 1916 680 1992 Cetera,
723 1939 870 2001 quae
900 1919 1179 1981 Britones
1209 1929 1458 2002 aym-ent,
1504 1917 1772 2000 qzeamvis
1807 1867 2065 1979 mon’lms
2096 1916 2508 1979 Romanorum

272 2007 594 2083 contraria,
664 2009 1079 2092 aequammiter
1137 2018 1340 2069 cuncta
1401 2029 1459 2070 se
1518 2006 1898 2068 toleraturum
1957 2007 2114 2069 esse
2132 2008 2507 2112 Augustinus

274 2105 428 2159 teste
471 2054 640 2158 Beda
685 2099 766 2176 (h'.
815 2121 862 2158 e.
913 2102 969 2174 2,
1005 2101 1041 2156 2
1090 2099 1125 2177 ἓ
1175 2099 1282 2177 93)
1329 2099 1617 2178 promisit.
1709 2096 1964 2158 Leviora
2012 2119 2150 2176 ergo
2197 2099 2341 2177 ipsis
2387 2099 2506 2158 Ro-

275 2189 464 2249 manis
510 2188 884 2248 videbantur.
977 2187 1095 2247 Sed
1156 2209 1531 2265 quaeramus,
1602 2208 1752 2264 quae
1813 2189 2050 2248 fuerint.
2139 2188 2507 2248 Peculiarem

223 2315 228 2320 ·
273 2285 552 2339 tonsurae
596 2279 843 2337 formam
890 2278 954 2337 in
999 2277 1090 2336 his
1135 2278 1341 2352 fuisse,
1413 2278 1752 2355 quanquam
1805 2278 1975 2336 Beda
2026 2277 2101 2336 de
2156 2275 2509 2338 Britonibus

275 2387 457 2446 agens
503 2367 576 2425 de
623 2388 690 2426 ea
737 2368 1093 2427 mentionem
1147 2388 1263 2426 non
1317 2368 1483 2440 fecit,
1548 2364 1939 2444 comprobant
2000 2387 2131 2426 cum
2191 2387 2286 2440 ea,
2357 2387 2509 2443 quae

277 2478 456 2534 supra
502 2456 576 2515 de
616 2455 848 2516 Galliae
894 2463 955 2515 et
1000 2456 1327 2534 Hispaniae
1372 2413 1724 2517 Britonibus
1769 2453 2138 2535 protulimus,
2165 2458 2311 2516 'tum
2357 2455 2506 2515 Ald-

275 2545 454 2604 helmi
514 2546 750 2605 abbatis
812 2566 962 2624 quae
1024 2552 1222 2606 exstat
1281 2547 1350 2623 (J
1351 2546 1488 2619 affe,
1526 2545 1925 2617 *Bibliotheca
1980 2567 2091 2604 rer.
2140 2540 2340 2605 Germ.
2386 2545 2507 2604 III.
2564 2584 2571 2592 -

276 2657 368 2713 ep.
408 2636 460 2708 1,
492 2656 549 2712 p.
584 2637 664 2693 26
699 2638 812 2713 sq.)
859 2635 1116 2714 epistula
1156 2635 1230 2695 ad
1261 2634 1619 2696 Geruntium
1664 2655 1863 2713 regem
1894 2635 2263 2694 Damnoniae
2310 2635 2509 2710 (hodie

276 2720 636 2783 Devonshire
682 2731 741 2783 et
792 2721 1176 2802 Cornwallis).
1269 2725 1385 2786 Sed
1430 2732 1671 2804 praeter
1714 2725 1822 2784 hos
1865 2745 2057 2783 mores
2072 2724 2095 2798 ,⁴
2162 2727 2225 2801 l)
2272 2745 2507 2803 compu-

278 2814 567 2873 tationem
597 2814 736 2873 festi
766 2814 1075 2892 paschalis,
1125 2816 1190 2891 2)
1221 2815 1569 2893 baptizandi
1616 2814 1785 2887 ritus,
1836 2814 1900 2891 3)
1932 2820 2212 2874 tonsurae
2242 2815 2509 2887 formam,

277 2903 456 2963 etiam
503 2902 650 2963 alios
697 2924 1036 2962 enumerare
1082 2924 1407 2982 possumus.
2235 2925 2240 2932 ¹

453 2992 537 3051 Et
585 2997 794 3070 quarto
830 2992 1065 3071 quidem
1096 2994 1224 3053 loco
1253 2993 1579 3072 peculiares
1612 2992 2004 3052 ordinationis
2045 2994 2210 3066 ritus,
2257 3013 2509 3069 quorum

279 3083 499 3142 mentio
562 3102 741 3160 supra
802 3089 891 3142 est
950 3083 1110 3142 facta
1171 3085 1251 3161 (p.
1306 3084 1430 3160 17).
1498 3082 1852 3141 Lectionum
1900 3082 2055 3140 enim
2102 3103 2327 3155 cursus,
2390 3103 2508 3158 quo

279 3172 558 3230 Britones
602 3177 752 3231 teste
801 3170 980 3231 Gilda
1024 3172 1371 3246 utebantur,
1432 3171 1582 3232 alius
1638 3177 1766 3231 erat
1827 3178 2007 3248 atque
2051 3173 2115 3231 in
2160 3172 2372 3231 ceteris
2419 3192 2507 3230 ec-

278 3260 498 3333 clesiis,
544 3282 652 3320 nec
696 3281 816 3320 non
860 3262 1165 3339 proprium
1213 3267 1340 3320 erat
1384 3261 1720 3334 Britonum,
1769 3261 1928 3337 quod
1965 3296 2038 3304 —
2078 3262 2281 3320 eodem
2327 3258 2508 3319 Gilda

276 3356 427 3410 teste
473 3385 549 3394 —
596 3351 775 3409 etiam
821 3371 1028 3410 manus
1074 3351 1534 3410 ordinandorum
1581 3351 1895 3411 chrismate
1939 3350 2381 3429 inungebantur
2412 3351 2507 3426 (cf.

277 3440 530 3499 Warren
584 3461 640 3517 p.
692 3437 772 3499 69
823 3460 908 3516 sq.
954 3441 1035 3498 Η.
1080 3440 1198 3499 and
1245 3439 1331 3500 St.
1379 3440 1429 3514 Ι,
1485 3462 1542 3518 Ρ.
1597 3440 1717 3498 155
1768 3461 1893 3500 nro.
1942 3441 2024 3518 5).
2116 3439 2234 3500 Sed
2288 3441 2400 3499 hac
2443 3439 2507 3498 in

276 3550 339 3587 re
386 3528 802 3606 negligendum
849 3550 967 3588 non
1014 3536 1119 3603 est,
1167 3530 1413 3588 eundem
1460 3550 1680 3589 morem
1726 3530 2198 3609 inungendarum
2232 3550 2508 3588 manuum

275 3624 484 3697 postea
528 3618 782 3678 inveniri
827 3619 888 3676 in
934 3619 1063 3696 ipsa
1109 3618 1440 3696 Anglorum
1491 3619 1735 3679 ecclesia
1781 3619 2060 3697 (Warren
2078 3664 2091 3692 ,
2138 3642 2194 3698 Ρ.
2246 3621 2327 3677 70
2377 3622 2507 3697 sq.).

455 3707 677 3781 Quinto
739 3707 866 3767 loco
925 3708 1040 3767 viri
1101 3707 1427 3768 doctissimi
1480 3708 1563 3767 Η.
1610 3709 1727 3768 and
1775 3707 1865 3769 St.
1913 3715 2370 3769 commemorant
2432 3710 2507 3786 (Ι,

278 3820 334 3876 Ρ.
372 3797 492 3855 155
541 3818 665 3856 nro.
703 3797 766 3872 6)
813 3797 1127 3858 Britonum
1172 3818 1393 3857 morem
1438 3798 1620 3858 fuisse
1667 3798 1973 3876 episcopos
2019 3799 2383 3858 consecarari
2431 3799 2507 3857 ab

278 3906 393 3944 uno
425 3887 611 3946 altero
644 3887 922 3965 episcopo
955 3907 1070 3946 non
1112 3888 1316 3947 accitis
1347 3888 1577 3947 duobus
1624 3888 1772 3960 aliis,
1819 3887 1993 3947 sicuti
2041 3909 2291 3948 canones
2337 3910 2506 3966 prae·

277 3975 522 4053 cipiunt.
609 3975 744 4035 Hoc
797 3979 923 4052 jam
969 3976 1317 4036 Warrenius
1363 3981 1444 4056 (p.
1496 3978 1603 4053 69)
1651 3978 1714 4036 in
1778 3976 2210 4037 dubitationem
2271 3978 2508 4037 vocavit

278 4065 503 4144 optimo
553 4065 790 4143 quidem
828 4068 979 4142 jure,
1027 4066 1130 4124 sed
1175 4067 1395 4126 leviore
1443 4067 1696 4143 quodam
1743 4073 2106 4145 argumenta
2170 4067 2507 4127 Verisimile

275 4174 392 4213 non
457 4175 606 4227 esse,
676 4154 788 4228 ait,
848 4154 1164 4227 *Britones‚
1235 4176 1483 4232 quorum
1543 4156 1803 4235 episcopi
1866 4157 2110 4215 concilio
2165 4155 2508 4217 Arelatensi

276 4243 713 4319 interfuissent,
781 4251 988 4322 postea
1058 4265 1322 4321 egressos
1384 4265 1507 4303 esse
1569 4252 1740 4305 extra
1807 4246 1982 4321 hujus
2054 4246 2239 4323 ipsius
2299 4247 2504 4322 synodi

275 4334 704 4412 praescriptum
759 4336 909 4409 (can.
966 4334 1066 4391 20.
1123 4333 1342 4409 Mansi,
1399 4354 1617 4393 sacror.
1675 4335 1968 4394 concilior.
2024 4335 2198 4413 ampl.
2247 4337 2374 4394 coll.
2422 4336 2506 4410 II,
