3025 4909
1435 169 1877 226 ...66—

721 350 889 423 Quae
945 367 1077 405 cum
1122 347 1209 405 ita
1255 346 1393 420 31111,
1438 348 1642 425 magni
1684 346 1967 405 momenti
2011 350 2165 404 esset
2209 345 2286 403 ad
2316 341 2819 420 cognoscendam

536 438 823 499 ecclesiae
870 433 1183 495 Scotorum
1230 441 1500 494 naturam
1549 436 1912 513 cognovisse,
1972 435 2127 493 unde
2174 434 2320 493 haec
2364 441 2540 493 tanta
2586 453 2819 491 mona·

539 529 787 587 chorum
848 532 910 584 et
969 525 1154 602 ipsius
1210 524 1370 584 vitae
1428 526 1806 584 monachicae
1865 524 2190 583 auctoritas
2243 529 2377 582 orta
2421 529 2581 582 esset
2627 521 2820 599 apud

542 615 769 676 860103.
862 614 980 673 8611
1040 613 1277 686 dubit0,
1340 633 1540 672 annon
1598 615 1742 672 haec
1803 613 2035 690 questio
2097 613 2251 672 solvi
2308 613 2516 691 possit.
2611 611 2818 670 Gerte

544 707 766 764 frustra
812 703 1068 763 Skenius
1129 723 1258 761 eam
1318 703 1546 762 solvere
1605 707 1850 762 conatus
1912 709 2003 761 est
2056 700 2169 778 (11,
2215 722 2274 779 p.
2323 702 2490 759 45-
2504 700 2637 777 50).
2748 698 2817 757 A

540 794 641 853 811
686 792 932 854 Martini
990 791 1350 851 monasterio
1407 791 1741 851 Turonensi
1803 792 2032 851 duabus
2093 790 2206 849 viis
2263 791 2351 849 rei
2411 789 2818 849 monachicae

540 903 803 941 amorem
864 881 928 939 in
983 880 1339 939 Hiberniam
1398 881 1737 959 pervenisse
1781 886 1984 958 putat,
2043 879 2244 957 priore
2301 900 2410 957 per
2451 878 2815 939 candidam

547 992 758 1043 casam,
805 969 936 1029 8611
978 969 1194 1030 Niniae
1237 970 1679 1043 monasterium,
1725 970 1916 1029 altera
1961 990 2070 1047 per
2113 967 2394 1027 Britones
2432 967 2815 1026 Armoricae

548 1067 609 1119 61
669 1056 999 1118 Cambriae.
1089 1057 1331 1118 Niniam
1392 1059 1574 1131 enim,
1635 1079 1810 1135 quem
1867 1058 2036 1117 Beda
2097 1057 2180 1132 (h.
2238 1078 2288 1115 e.
2337 1058 2393 1130 3,
2451 1058 2490 1114 4
2547 1059 2584 1135 ξ
2642 1056 2812 1130 158)

547 1147 815 1249 prodidit
857 1147 1058 1221 fuisse,
1111 1154 1175 1205 ut
1206 1144 1603 1226 perhiberent,
1663 1147 2004 1225 episcopum
2050 1147 2122 1205 de
2168 1146 2408 1205 natione
2452 1146 2814 1214 Britonum,

537 1236 659 1317 qui
693 1233 925 1296 Romae
966 1231 1346 1320 requlariter
1349 1235 1528 1309 sidem
1571 1245 1622 1295 et
1666 1234 1941 1315 mysteria
1983 1234 2236 1295 veritati-s
2281 1234 2514 1295 edoctus
2560 1242 2810 1294 austra·

548 1324 701 1386 libus
727 1322 910 1385 Rati-s
938 1324 1178 1385 verbum
1206 1324 1303 1385 dei
1317 1323 1720 1404 praedicasset
1748 1324 2049 1425 sedemque
2078 1322 2464 1405 episcopalem
2492 1321 2589 1392 Sti
2623 1319 2812 1382 Mar·

549 1414 656 1475 tim·
707 1413 962 1497 episcopi
1017 1412 1247 1482 nomine
1291 1422 1343 1473 et
1387 1410 1619 1473 ecclesia
1659 1412 1944 1494 insigmem
1987 1410 2273 1473 habuisset
2318 1412 2403 1473 ad
2451 1411 2815 1473 Candidum

541 1523 777 1573 casam,
824 1503 1080 1563 Skenius
1124 1503 1468 1581 posterioris
1511 1504 1796 1580 temporis
1842 1503 2230 1582 scriptoribus
2276 1503 2408 1578 (vit.
2452 1502 2592 1563 Nin.
2643 1524 2811 1562 saec.

549 1592 712 1669 XII)
760 1592 1003 1650 nimiam
1049 1591 1226 1651 fidem
1270 1593 1493 1652 habens
1540 1593 1818 1670 opinatus
1863 1598 1955 1651 est
1998 1612 2116 1651 non
2162 1592 2354 1651 solum
2391 1591 2611 1651 vixisse
2645 1599 2811 1651 tem-

546 1680 797 1761 poribus
859 1680 987 1740 Scti
1040 1681 1289 1740 Martini
1335 1679 1447 1757 (II,
1492 1703 1553 1759 p.
1601 1684 1667 1759 3)
1728 1682 1832 1740 sed
1890 1682 2070 1741 etiam
2119 1680 2459 1739 Turonibus
2518 1680 2809 1740 visitasse

552 1771 749 1849 ipsum
793 1770 959 1828 illum
1005 1769 1289 1829 Sanctum
1337 1770 1448 1846 (ΙΙ,
1492 1791 1551 1848 p.
1601 1770 1710 1847 45)
1758 1775 2002 1849 eJ'usque
2048 1770 2292 1829 consilio
2338 1789 2511 1828 usum
2557 1790 2688 1829 esse
2740 1770 2809 1826 in

541 1859 947 1919 construenda
991 1878 1099 1918 sua
1138 1859 1400 1932 ecclesia,
1447 1879 1624 1936 quam
1655 1880 1788 1919 cum
1817 1859 2175 1919 monasterio
2208 1862 2577 1934 conjunctam
2609 1859 2807 1917 fuisse

542 1949 688 2008 aliis
748 1947 1143 2025 posteriorum
1203 1949 1344 2009 vitis
1402 1950 1592 2009 fretus
1651 1948 1928 2010 affirmat.
2016 1948 2167 2006 Inde
2227 1968 2337 2025 per
2392 1967 2517 2020 eos,
2580 1948 2689 2023 qui
2739 1948 2810 2005 in

548 2037 770 2096 Niniae
831 2038 1188 2095 monasterio
1249 2038 1471 2097 eruditi
1530 2044 1752 2110 essent,
1813 2037 1973 2097 inter
2033 2057 2181 2114 quos
2241 2042 2304 2095 61
2356 2037 2552 2114 ipsum
2606 2035 2806 2094 Find-

554 2128 816 2198 barrum,
864 2123 1188 2184 Columbae
1233 2126 1500 2185 Hiiensis
1546 2126 1912 2203 magistrum,
1960 2133 2021 2186 61
2066 2126 2216 2185 61103
2261 2125 2505 2185 3661111111
2545 2124 2806 2185 Sancto·

550 2235 687 2273 rum
733 2214 1060 2274 Hiberniae
1113 2214 1338 2275 ordinis
1397 2221 1633 2274 sanctos
1688 2221 2019 2288 enumerat,
2080 2215 2143 2273 111
2187 2214 2544 2273 Hiberniam
2598 2221 2804 2273 trans-

550 2306 842 2380 migrasse
888 2309 1190 2363 asseverat
1234 2305 1395 2363 vitae
1441 2304 1816 2363 monachicae
1862 2324 2137 2363 amorem.
2226 2303 2319 2362 At
2361 2304 2496 2379 quis
2541 2309 2653 2376 est,
2703 2302 2806 2361 cui

548 2392 814 2451 -Skenius
844 2392 1218 2470 persuadeat,
1265 2398 1336 2451 ut
1364 2392 1581 2452 fabulis
1608 2393 2002 2469 posteriorum
2032 2391 2208 2451 fidem
2240 2391 2578 2470 adjungat?
2638 2392 2805 2453 Num

559 2481 692 2539 fieri
736 2480 951 2557 potuit,
996 2487 1067 2539 ut
1106 2481 1463 2558 posteriores
1494 2482 1570 2540 de
1598 2482 1814 2543 Niniae
1845 2482 2098 2541 historia
2128 2481 2337 2540 melius
2367 2482 2593 2553 scirent
2622 2502 2805 2558 quam

560 2569 746 2642 Beda,
794 2569 898 2645 qui
941 2589 1016 2628 116
1062 2576 1317 2629 aetatem
1362 2571 1602 2646 quidem
1649 2574 1777 2645 ejus
1822 2571 1992 2630 novit
2037 2576 2098 2628 et
2130 2570 2343 2643 omnia,
2390 2590 2545 2647 quae
2575 2575 2803 2642 narrat,

558 2678 681 2717 non
727 2658 964 2717 rettulit
1008 2658 1124 2718 nisi
1169 2659 1370 2718 addito
1416 2660 1520 2717 illo
1574 2667 1671 2733 „ut
1706 2652 2087 2741 perhibenffl?
2160 2660 2372 2719 Nonne
2411 2659 2572 2718 inter
2602 2678 2804 2719 omnes

552 2753 799 2806 constat
845 2746 1363 2807 exercitatissimos
1408 2749 1587 2808 fuisse
1632 2747 1976 2826 posterioris
2022 2749 2306 2825 temporis
2335 2747 2548 2807 860103
2592 2749 2656 2808 111
2695 2747 2804 2806 fin·

565 2837 774 2912 gendis
822 2834 1173 2894 Sanctorum
1220 2836 1406 2895 vitis?

741 2923 905 3000 Ergo
959 2925 1103 2985 haec
1156 2945 1395 3003 prorsus
1440 2923 1773 3000 abjicienda
1818 2931 1974 2984 sunt.
2065 2926 2274 3002 Neque
2319 2926 2537 2999 minus,
2599 2946 2801 3002 quam-

555 3034 744 3090 ·quam
790 3014 1130 3073 auctoribus
1176 3014 1377 3091 paullo
1424 3014 1764 3073 melioribus
1810 3013 2101 3086 nituntur,
2148 3015 2267 3086 illa,
2315 3035 2468 3091 quae
2507 3014 2582 3074 de
2613 3015 2804 3073 altera

563 3103 663 3162 via
717 3100 972 3161 Skenius
1028 3102 1300 3180 protulit.
1391 3102 1711 3180 Catalogus
1768 3103 1924 3161 enim
1978 3102 2331 3162 Sanctorum
2390 3124 2426 3161 a
2471 3102 2653 3163 Gilda
2706 3102 2800 3179 (de

556 3212 682 3268 ‹quo
729 3191 848 3250 vid.
895 3210 1075 3270 supra
1114 3213 1170 3270 p.
1209 3193 1315 3268 13)
1348 3199 1410 3250 et
1438 3192 1691 3265 Davide,
1733 3192 2116 3263 Meneviensi‚
2164 3198 2227 3251 et
2256 3193 2423 3251 Doco
2453 3192 2804 3251 Britonibus‘

569 3280 811 3339 secundi
866 3281 1088 3339 ordinis
1145 3287 1380 3340 sanctos
1423 3279 1665 3340 missam
1709 3278 1993 3361 accepisse
2035 3281 2220 3340 refert
2264 3279 2371 3356 (H.
2417 3282 2534 3339 and
2582 3280 2671 3340 St.
2718 3280 2799 3353 Π,

565 3370 633 3441 2,
677 3389 736 3446 p.
772 3369 943 3445 293).
1017 3369 1232 3445 Itaque
1282 3369 1375 3428 1113
1418 3370 1770 3428 Britonibus
1817 3389 1949 3427 cum
1979 3369 2272 3428 Hibernia
2312 3370 2802 3429 necessitudinem

566 3457 750 3515 fuisse
803 3457 1054 3516 forsitan
1113 3457 1273 3515 credi
1316 3458 1521 3536 possit.
1616 3458 1734 3517 Sed
1781 3457 1925 3535 quid
1971 3456 2265 3517 Skenius‘?
2354 3458 2627 3517 Primum
2673 3458 2799 3517 Bri-

562 3553 775 3606 tonum
832 3567 1068 3624 quoque
1115 3547 1447 3619 ecclesiam,
1509 3554 1571 3606 et
1615 3546 2069 3606 Armoricanam
2114 3551 2325 3624 utpote
2368 3547 2799 3625 archiepiscopo

570 3634 903 3694 Turonensi
933 3635 1250 3708 subditam,
1298 3642 1357 3694 et
1386 3642 1596 3713 postea
1628 3636 2046 3696 Cambrensem
2079 3636 2300 3710 eodem,
2348 3655 2464 3711 quo
2497 3635 2801 3695 Scotorum

562 3724 841 3797 ecclesia,
903 3725 991 3783 rei
1051 3724 1425 3783 monachicae
1485 3745 1684 3783 amore
1739 3726 2030 3784 imbutam
2081 3724 2264 3783 fuisse
2306 3725 2532 3802 posuit,
2596 3724 2799 3784 deinde

572 3812 812 3871 Gildam
859 3819 923 3871 et
948 3813 1136 3873 socios
1178 3813 1509 3873 duodecimi
1540 3814 1762 3873 saeculi
1791 3814 1932 3874 vitis
1963 3834 2102 3873 usus
2134 3820 2376 3872 enarrat
2405 3813 2468 3872 in
2503 3813 2797 3884 Hibernia,

563 3906 737 3978 >cujus
805 3900 1026 3961 incolae
1081 3921 1273 3980 paene
1338 3899 1678 3962 catholicam
1734 3902 1929 3984 fidem
1994 3899 2345 3982 reliquissent.
2404 3903 2536 3977 (vit.
2597 3902 2799 3961 Gildae

566 3991 770 4051 -Skene
816 3990 902 4062 II,
957 4011 1015 4067 p.
1068 3991 1149 4048 50
1197 3997 1320 4050 not.
1359 3992 1483 4067 19),
1533 3991 1986 4050 ecclesiasticum
2032 3991 2297 4050 ordinem
2342 3996 2705 4051 restaurasse
2746 3994 2801 4047 et

569 4081 636 4139 in
666 4080 1090 4157 discipulorum
1114 4099 1355 4138 numero
1379 4080 1656 4140 habuisse
1680 4080 2014 4152 Finianum,
2046 4079 2523 4153 Olonardensem,
2554 4081 2797 4139 alterum

567 4168 898 4228 Columbae
929 4168 1280 4245 magistrum
1312 4176 1373 4226 et
1403 4174 1555 4228 teste
1587 4169 1713 4228 vita
1742 4172 1885 4243 ejus,
1937 4169 2144 4228 ceteris
2175 4188 2291 4226 non
2322 4169 2539 4246 priore,
2578 4174 2801 4247 patrem

568 4259 832 4317 omnium
879 4279 1066 4336 paene
1113 4257 1175 4316 in
1223 4258 1519 4317 Hibernia
1564 4258 2053 4317 monasteriorum
2086 4256 2309 4334 (8116116
2338 4256 2426 4332 Π,
2472 4280 2530 4336 p.
2565 4259 2648 4316 49
2682 4259 2800 4335 sq.).
