<?xml version="1.0" encoding="UTF-8"?>
<!DOCTYPE html PUBLIC "-//W3C//DTD XHTML 1.0 Transitional//EN"
    "http://www.w3.org/TR/xhtml1/DTD/xhtml1-transitional.dtd">
<html xmlns="http://www.w3.org/1999/xhtml" xml:lang="en" lang="en">
 <head>
  <title>
</title>
<meta http-equiv="Content-Type" content="text/html;charset=utf-8" />
  <meta name='ocr-system' content='tesseract 3.04.00' />
  <meta name='ocr-capabilities' content='ocr_page ocr_carea ocr_par ocr_line ocrx_word'/>
</head>
<body>
  <div class='ocr_page' id='page_1' title='image "./deantiquabriton00loofgoog_0033.png"; bbox 0 0 3025 4909; ppageno 0'>
   <div class='ocr_carea' id='block_1_1' title="bbox 1172 212 1604 268">
    <p class='ocr_par' dir='ltr' id='par_1_1' title="bbox 1172 212 1604 268">
     <span class='ocr_line' id='line_1_1' title="bbox 1172 212 1604 268; baseline -0.002 -13"><span class='ocrx_word' id='word_1_1' title='bbox 1172 212 1604 268; x_wconf 70' lang='lat'><strong>...27—</strong></span> 
     </span>
    </p>
   </div>
   <div class='ocr_carea' id='block_1_2' title="bbox 10 387 2516 4315">
    <p class='ocr_par' dir='ltr' id='par_1_2' title="bbox 269 387 2502 469">
     <span class='ocr_line' id='line_1_2' title="bbox 269 387 2502 469; baseline -0.003 -16"><span class='ocrx_word' id='word_1_2' title='bbox 269 400 434 453; x_wconf 89' lang='lat' dir='ltr'><strong>terea</strong></span> <span class='ocrx_word' id='word_1_3' title='bbox 481 393 765 451; x_wconf 89' lang='lat' dir='ltr'><strong>diuturna</strong></span> <span class='ocrx_word' id='word_1_4' title='bbox 805 390 1032 469; x_wconf 87' lang='lat' dir='ltr'><strong>jejunia</strong></span> <span class='ocrx_word' id='word_1_5' title='bbox 1079 389 1578 449; x_wconf 88' lang='lat' dir='ltr'><strong>consecrationem</strong></span> <span class='ocrx_word' id='word_1_6' title='bbox 1612 387 1887 449; x_wconf 86' lang='lat' dir='ltr'><strong>videntur</strong></span> <span class='ocrx_word' id='word_1_7' title='bbox 1916 388 2301 468; x_wconf 77' lang='lat' dir='ltr'><strong>praecessisse</strong></span> <span class='ocrx_word' id='word_1_8' title='bbox 2334 388 2502 465; x_wconf 87' lang='lat' dir='ltr'><strong>(ibid.</strong></span> 
     </span>
    </p>

    <p class='ocr_par' dir='ltr' id='par_1_3' title="bbox 265 477 2501 562">
     <span class='ocr_line' id='line_1_3' title="bbox 265 477 2501 562; baseline -0.002 -21"><span class='ocrx_word' id='word_1_9' title='bbox 265 505 327 562; x_wconf 88' lang='lat' dir='ltr'><strong>p.</strong></span> <span class='ocrx_word' id='word_1_10' title='bbox 363 482 489 559; x_wconf 90' lang='lat'><strong>75).</strong></span> <span class='ocrx_word' id='word_1_11' title='bbox 567 480 979 540; x_wconf 81' lang='lat' dir='ltr'><strong>Eucharistiae</strong></span> <span class='ocrx_word' id='word_1_12' title='bbox 1025 487 1222 540; x_wconf 83' lang='lat' dir='ltr'><strong>autem</strong></span> <span class='ocrx_word' id='word_1_13' title='bbox 1269 480 1651 538; x_wconf 80' lang='lat' dir='ltr'><strong>celebrandae</strong></span> <span class='ocrx_word' id='word_1_14' title='bbox 1698 479 1850 538; x_wconf 89' lang='lat' dir='ltr'><strong>ritus</strong></span> <span class='ocrx_word' id='word_1_15' title='bbox 1883 478 2039 556; x_wconf 88' lang='lat' dir='ltr'><strong>apud</strong></span> <span class='ocrx_word' id='word_1_16' title='bbox 2068 477 2348 539; x_wconf 89' lang='lat' dir='ltr'><strong>Britones</strong></span> <span class='ocrx_word' id='word_1_17' title='bbox 2379 498 2501 538; x_wconf 90' lang='lat' dir='ltr'><strong>eos-</strong></span> 
     </span>
    </p>

    <p class='ocr_par' dir='ltr' id='par_1_4' title="bbox 268 567 2501 648">
     <span class='ocr_line' id='line_1_4' title="bbox 268 567 2501 648; baseline -0.002 -17"><span class='ocrx_word' id='word_1_18' title='bbox 268 573 404 631; x_wconf 91' lang='lat' dir='ltr'><strong>dem</strong></span> <span class='ocrx_word' id='word_1_19' title='bbox 448 571 644 644; x_wconf 87' lang='lat' dir='ltr'><strong>fuisse,</strong></span> <span class='ocrx_word' id='word_1_20' title='bbox 691 570 796 648; x_wconf 92' lang='lat' dir='ltr'><strong>qui</strong></span> <span class='ocrx_word' id='word_1_21' title='bbox 840 570 999 648; x_wconf 89' lang='lat' dir='ltr'><strong>apud</strong></span> <span class='ocrx_word' id='word_1_22' title='bbox 1031 568 1235 629; x_wconf 84' lang='lat' dir='ltr'><strong>Gallos</strong></span> <span class='ocrx_word' id='word_1_23' title='bbox 1281 574 1452 628; x_wconf 89' lang='lat' dir='ltr'><strong>erant</strong></span> <span class='ocrx_word' id='word_1_24' title='bbox 1494 604 1572 615; x_wconf 91' lang='lat'><strong>--</strong></span> <span class='ocrx_word' id='word_1_25' title='bbox 1608 569 1781 627; x_wconf 88' lang='lat' dir='ltr'><strong>facile</strong></span> <span class='ocrx_word' id='word_1_26' title='bbox 1828 567 2157 628; x_wconf 87' lang='lat' dir='ltr'><strong>affirmatur</strong></span> <span class='ocrx_word' id='word_1_27' title='bbox 2201 568 2303 627; x_wconf 89' lang='lat' dir='ltr'><strong>sed</strong></span> <span class='ocrx_word' id='word_1_28' title='bbox 2348 568 2501 627; x_wconf 83' lang='lat' dir='ltr'><strong>diffi-</strong></span> 
     </span>
    </p>

    <p class='ocr_par' dir='ltr' id='par_1_5' title="bbox 188 657 2505 827">
     <span class='ocr_line' id='line_1_5' title="bbox 267 657 2505 738; baseline -0.001 -19"><span class='ocrx_word' id='word_1_29' title='bbox 267 662 440 720; x_wconf 86' lang='lat' dir='ltr'><strong>cilius</strong></span> <span class='ocrx_word' id='word_1_30' title='bbox 485 681 676 738; x_wconf 90' lang='lat' dir='ltr'><strong>neque</strong></span> <span class='ocrx_word' id='word_1_31' title='bbox 722 660 849 719; x_wconf 89' lang='lat' dir='ltr'><strong>sine</strong></span> <span class='ocrx_word' id='word_1_32' title='bbox 889 659 1250 719; x_wconf 76' lang='lat' dir='ltr'><strong>verbositate</strong></span> <span class='ocrx_word' id='word_1_33' title='bbox 1297 658 1627 718; x_wconf 82' lang='lat' dir='ltr'><strong>accuratius</strong></span> <span class='ocrx_word' id='word_1_34' title='bbox 1660 657 1968 736; x_wconf 86' lang='lat' dir='ltr'><strong>explanari</strong></span> <span class='ocrx_word' id='word_1_35' title='bbox 1996 663 2212 737; x_wconf 88' lang='lat' dir='ltr'><strong>potest.</strong></span> <span class='ocrx_word' id='word_1_36' title='bbox 2288 657 2505 734; x_wconf 91' lang='lat' dir='ltr'><strong>Itaque</strong></span> 
     </span>
     <span class='ocr_line' id='line_1_6' title="bbox 188 748 1987 827; baseline 0.001 -23"><span class='ocrx_word' id='word_1_37' title='bbox 188 792 205 804; x_wconf 91' lang='lat'><strong>.</strong></span> <span class='ocrx_word' id='word_1_38' title='bbox 268 752 349 810; x_wconf 89' lang='lat' dir='ltr'><strong>ad</strong></span> <span class='ocrx_word' id='word_1_39' title='bbox 393 750 694 809; x_wconf 89' lang='lat' dir='ltr'><strong>Warrenii</strong></span> <span class='ocrx_word' id='word_1_40' title='bbox 736 750 956 808; x_wconf 87' lang='lat' dir='ltr'><strong>librum</strong></span> <span class='ocrx_word' id='word_1_41' title='bbox 1005 752 1086 827; x_wconf 90' lang='lat' dir='ltr'><strong>(p.</strong></span> <span class='ocrx_word' id='word_1_42' title='bbox 1138 748 1218 806; x_wconf 91' lang='lat'><strong>75</strong></span> <span class='ocrx_word' id='word_1_43' title='bbox 1268 751 1422 825; x_wconf 89' lang='lat' dir='ltr'><strong>sqq.)</strong></span> <span class='ocrx_word' id='word_1_44' title='bbox 1467 748 1718 807; x_wconf 88' lang='lat' dir='ltr'><strong>lectores</strong></span> <span class='ocrx_word' id='word_1_45' title='bbox 1766 748 1987 825; x_wconf 87' lang='lat' dir='ltr'><strong>delego.</strong></span> 
     </span>
    </p>

    <p class='ocr_par' dir='ltr' id='par_1_6' title="bbox 268 836 2509 2083">
     <span class='ocr_line' id='line_1_7' title="bbox 447 836 2504 915; baseline -0.001 -17"><span class='ocrx_word' id='word_1_46' title='bbox 447 841 615 899; x_wconf 89' lang='lat' dir='ltr'><strong>Haec</strong></span> <span class='ocrx_word' id='word_1_47' title='bbox 662 846 827 913; x_wconf 90' lang='lat' dir='ltr'><strong>sunt,</strong></span> <span class='ocrx_word' id='word_1_48' title='bbox 889 859 1039 915; x_wconf 89' lang='lat' dir='ltr'><strong>quae</strong></span> <span class='ocrx_word' id='word_1_49' title='bbox 1086 838 1160 897; x_wconf 89' lang='lat' dir='ltr'><strong>de</strong></span> <span class='ocrx_word' id='word_1_50' title='bbox 1205 837 1413 915; x_wconf 88' lang='lat' dir='ltr'><strong>priscis</strong></span> <span class='ocrx_word' id='word_1_51' title='bbox 1456 837 1575 897; x_wconf 92' lang='lat' dir='ltr'><strong>illis</strong></span> <span class='ocrx_word' id='word_1_52' title='bbox 1620 837 1907 910; x_wconf 90' lang='lat' dir='ltr'><strong>moribus,</strong></span> <span class='ocrx_word' id='word_1_53' title='bbox 1965 837 2179 915; x_wconf 90' lang='lat' dir='ltr'><strong>quibus</strong></span> <span class='ocrx_word' id='word_1_54' title='bbox 2223 836 2504 896; x_wconf 88' lang='lat' dir='ltr'><strong>Britones</strong></span> 
     </span>
     <span class='ocr_line' id='line_1_8' title="bbox 268 927 2502 1006; baseline -0.002 -16"><span class='ocrx_word' id='word_1_55' title='bbox 268 929 546 990; x_wconf 87' lang='lat' dir='ltr'><strong>abdicare</strong></span> <span class='ocrx_word' id='word_1_56' title='bbox 592 930 899 1002; x_wconf 86' lang='lat' dir='ltr'><strong>nolebant,</strong></span> <span class='ocrx_word' id='word_1_57' title='bbox 962 927 1132 987; x_wconf 92' lang='lat' dir='ltr'><strong>nobis</strong></span> <span class='ocrx_word' id='word_1_58' title='bbox 1178 932 1320 986; x_wconf 91' lang='lat' dir='ltr'><strong>nota</strong></span> <span class='ocrx_word' id='word_1_59' title='bbox 1367 932 1521 985; x_wconf 89' lang='lat' dir='ltr'><strong>sunt.</strong></span> <span class='ocrx_word' id='word_1_60' title='bbox 1609 928 1911 999; x_wconf 87' lang='lat' dir='ltr'><strong>Profecto,</strong></span> <span class='ocrx_word' id='word_1_61' title='bbox 1974 927 2325 1006; x_wconf 89' lang='lat' dir='ltr'><strong>praesertim</strong></span> <span class='ocrx_word' id='word_1_62' title='bbox 2373 945 2502 985; x_wconf 90' lang='lat' dir='ltr'><strong>cum</strong></span> 
     </span>
     <span class='ocr_line' id='line_1_9' title="bbox 269 1016 2501 1097; baseline -0.002 -19"><span class='ocrx_word' id='word_1_63' title='bbox 269 1020 646 1097; x_wconf 81' lang='lat' dir='ltr'><strong>Augustinus</strong></span> <span class='ocrx_word' id='word_1_64' title='bbox 692 1018 888 1077; x_wconf 89' lang='lat' dir='ltr'><strong>omnia</strong></span> <span class='ocrx_word' id='word_1_65' title='bbox 941 1022 1178 1096; x_wconf 90' lang='lat' dir='ltr'><strong>praeter</strong></span> <span class='ocrx_word' id='word_1_66' title='bbox 1235 1017 1729 1095; x_wconf 88' lang='lat' dir='ltr'><strong>computationem</strong></span> <span class='ocrx_word' id='word_1_67' title='bbox 1780 1016 1918 1075; x_wconf 87' lang='lat' dir='ltr'><strong>festi</strong></span> <span class='ocrx_word' id='word_1_68' title='bbox 1961 1016 2253 1095; x_wconf 88' lang='lat' dir='ltr'><strong>paschalis</strong></span> <span class='ocrx_word' id='word_1_69' title='bbox 2299 1023 2359 1074; x_wconf 91' lang='lat' dir='ltr'><strong>et</strong></span> <span class='ocrx_word' id='word_1_70' title='bbox 2404 1035 2501 1092; x_wconf 90' lang='lat' dir='ltr'><strong>pe·</strong></span> 
     </span>
     <span class='ocr_line' id='line_1_10' title="bbox 271 1104 2504 1186; baseline -0.001 -19"><span class='ocrx_word' id='word_1_71' title='bbox 271 1109 553 1167; x_wconf 88' lang='lat' dir='ltr'><strong>culiarem</strong></span> <span class='ocrx_word' id='word_1_72' title='bbox 613 1107 961 1186; x_wconf 88' lang='lat' dir='ltr'><strong>baptizandi</strong></span> <span class='ocrx_word' id='word_1_73' title='bbox 1005 1127 1226 1166; x_wconf 90' lang='lat' dir='ltr'><strong>morem</strong></span> <span class='ocrx_word' id='word_1_74' title='bbox 1273 1126 1334 1165; x_wconf 91' lang='lat' dir='ltr'><strong>se</strong></span> <span class='ocrx_word' id='word_1_75' title='bbox 1382 1108 1771 1165; x_wconf 86' lang='lat' dir='ltr'><strong>toleraturum</strong></span> <span class='ocrx_word' id='word_1_76' title='bbox 1819 1126 1944 1165; x_wconf 89' lang='lat' dir='ltr'><strong>esse</strong></span> <span class='ocrx_word' id='word_1_77' title='bbox 1989 1104 2288 1184; x_wconf 88' lang='lat' dir='ltr'><strong>pollicitus</strong></span> <span class='ocrx_word' id='word_1_78' title='bbox 2335 1109 2504 1178; x_wconf 89' lang='lat' dir='ltr'><strong>esset,</strong></span> 
     </span>
     <span class='ocr_line' id='line_1_11' title="bbox 270 1194 2507 1273; baseline -0.003 -16"><span class='ocrx_word' id='word_1_79' title='bbox 270 1199 483 1257; x_wconf 89' lang='lat' dir='ltr'><strong>idonea</strong></span> <span class='ocrx_word' id='word_1_80' title='bbox 530 1218 648 1257; x_wconf 90' lang='lat' dir='ltr'><strong>non</strong></span> <span class='ocrx_word' id='word_1_81' title='bbox 692 1197 960 1270; x_wconf 87' lang='lat' dir='ltr'><strong>fuissent,</strong></span> <span class='ocrx_word' id='word_1_82' title='bbox 1008 1217 1158 1273; x_wconf 88' lang='lat' dir='ltr'><strong>quae</strong></span> <span class='ocrx_word' id='word_1_83' title='bbox 1205 1200 1431 1256; x_wconf 86' lang='lat' dir='ltr'><strong>tantam</strong></span> <span class='ocrx_word' id='word_1_84' title='bbox 1479 1204 1539 1254; x_wconf 89' lang='lat' dir='ltr'><strong>et</strong></span> <span class='ocrx_word' id='word_1_85' title='bbox 1569 1202 1694 1254; x_wconf 90' lang='lat' dir='ltr'><strong>tam</strong></span> <span class='ocrx_word' id='word_1_86' title='bbox 1725 1195 2014 1254; x_wconf 87' lang='lat' dir='ltr'><strong>diutinam</strong></span> <span class='ocrx_word' id='word_1_87' title='bbox 2047 1194 2507 1255; x_wconf 87' lang='lat' dir='ltr'><strong>controversiam</strong></span> 
     </span>
     <span class='ocr_line' id='line_1_12' title="bbox 271 1283 2506 1363; baseline -0.002 -17"><span class='ocrx_word' id='word_1_88' title='bbox 271 1288 430 1346; x_wconf 90' lang='lat' dir='ltr'><strong>inter</strong></span> <span class='ocrx_word' id='word_1_89' title='bbox 459 1288 741 1346; x_wconf 88' lang='lat' dir='ltr'><strong>Britones</strong></span> <span class='ocrx_word' id='word_1_90' title='bbox 788 1295 848 1346; x_wconf 92' lang='lat' dir='ltr'><strong>et</strong></span> <span class='ocrx_word' id='word_1_91' title='bbox 880 1288 1110 1363; x_wconf 84' lang='lat' dir='ltr'><strong>Anglos</strong></span> <span class='ocrx_word' id='word_1_92' title='bbox 1156 1285 1472 1359; x_wconf 88' lang='lat' dir='ltr'><strong>concirent,</strong></span> <span class='ocrx_word' id='word_1_93' title='bbox 1520 1286 1635 1345; x_wconf 90' lang='lat' dir='ltr'><strong>nisi</strong></span> <span class='ocrx_word' id='word_1_94' title='bbox 1681 1285 2019 1345; x_wconf 88' lang='lat' dir='ltr'><strong>accessisset</strong></span> <span class='ocrx_word' id='word_1_95' title='bbox 2064 1283 2506 1343; x_wconf 89' lang='lat' dir='ltr'><strong>acerbissimum</strong></span> 
     </span>
     <span class='ocr_line' id='line_1_13' title="bbox 270 1373 2505 1453; baseline -0.002 -18"><span class='ocrx_word' id='word_1_96' title='bbox 270 1376 589 1436; x_wconf 90' lang='lat' dir='ltr'><strong>Britonum</strong></span> <span class='ocrx_word' id='word_1_97' title='bbox 635 1378 695 1435; x_wconf 92' lang='lat' dir='ltr'><strong>in</strong></span> <span class='ocrx_word' id='word_1_98' title='bbox 728 1375 991 1435; x_wconf 85' lang='lat' dir='ltr'><strong>Saxones</strong></span> <span class='ocrx_word' id='word_1_99' title='bbox 1038 1375 1262 1448; x_wconf 82' lang='lat' dir='ltr'><strong>odium3</strong></span> <span class='ocrx_word' id='word_1_100' title='bbox 1309 1376 1573 1453; x_wconf 87' lang='lat' dir='ltr'><strong>profecto</strong></span> <span class='ocrx_word' id='word_1_101' title='bbox 1623 1374 1869 1433; x_wconf 89' lang='lat' dir='ltr'><strong>celerius</strong></span> <span class='ocrx_word' id='word_1_102' title='bbox 1916 1374 2158 1433; x_wconf 88' lang='lat' dir='ltr'><strong>ecelesia</strong></span> <span class='ocrx_word' id='word_1_103' title='bbox 2188 1373 2505 1433; x_wconf 87' lang='lat' dir='ltr'><strong>Britonum</strong></span> 
     </span>
     <span class='ocr_line' id='line_1_14' title="bbox 273 1463 2508 1542; baseline -0.002 -17"><span class='ocrx_word' id='word_1_104' title='bbox 273 1473 333 1525; x_wconf 91' lang='lat' dir='ltr'><strong>et</strong></span> <span class='ocrx_word' id='word_1_105' title='bbox 379 1466 624 1525; x_wconf 90' lang='lat' dir='ltr'><strong>ecclesia</strong></span> <span class='ocrx_word' id='word_1_106' title='bbox 654 1464 1186 1542; x_wconf 84' lang='lat' dir='ltr'><strong>Anglo·Saxonum</strong></span> <span class='ocrx_word' id='word_1_107' title='bbox 1232 1465 1295 1523; x_wconf 90' lang='lat' dir='ltr'><strong>in</strong></span> <span class='ocrx_word' id='word_1_108' title='bbox 1339 1485 1517 1523; x_wconf 90' lang='lat' dir='ltr'><strong>unum</strong></span> <span class='ocrx_word' id='word_1_109' title='bbox 1569 1483 1781 1542; x_wconf 88' lang='lat' dir='ltr'><strong>corpus</strong></span> <span class='ocrx_word' id='word_1_110' title='bbox 1827 1463 2197 1536; x_wconf 88' lang='lat' dir='ltr'><strong>coaluissent,</strong></span> <span class='ocrx_word' id='word_1_111' title='bbox 2242 1464 2358 1523; x_wconf 89' lang='lat' dir='ltr'><strong>nisi</strong></span> <span class='ocrx_word' id='word_1_112' title='bbox 2388 1482 2508 1521; x_wconf 87' lang='lat' dir='ltr'><strong>una</strong></span> 
     </span>
     <span class='ocr_line' id='line_1_15' title="bbox 271 1551 2505 1632; baseline -0.002 -18"><span class='ocrx_word' id='word_1_113' title='bbox 271 1576 418 1632; x_wconf 86' lang='lat' dir='ltr'><strong>gens</strong></span> <span class='ocrx_word' id='word_1_114' title='bbox 480 1557 556 1614; x_wconf 90' lang='lat' dir='ltr'><strong>ab</strong></span> <span class='ocrx_word' id='word_1_115' title='bbox 616 1556 805 1614; x_wconf 89' lang='lat' dir='ltr'><strong>altera</strong></span> <span class='ocrx_word' id='word_1_116' title='bbox 864 1555 1074 1632; x_wconf 84' lang='lat' dir='ltr'><strong>gentili</strong></span> <span class='ocrx_word' id='word_1_117' title='bbox 1134 1555 1268 1612; x_wconf 93' lang='lat' dir='ltr'><strong>odio</strong></span> <span class='ocrx_word' id='word_1_118' title='bbox 1314 1554 1526 1613; x_wconf 89' lang='lat' dir='ltr'><strong>fuisset</strong></span> <span class='ocrx_word' id='word_1_119' title='bbox 1571 1557 1853 1629; x_wconf 86' lang='lat' dir='ltr'><strong>sejuncta.</strong></span> <span class='ocrx_word' id='word_1_120' title='bbox 1943 1553 2123 1615; x_wconf 88' lang='lat' dir='ltr'><strong>Nulla</strong></span> <span class='ocrx_word' id='word_1_121' title='bbox 2170 1552 2325 1611; x_wconf 91' lang='lat' dir='ltr'><strong>enim</strong></span> <span class='ocrx_word' id='word_1_122' title='bbox 2373 1551 2505 1610; x_wconf 91' lang='lat' dir='ltr'><strong>Bri-</strong></span> 
     </span>
     <span class='ocr_line' id='line_1_16' title="bbox 272 1642 2508 1721; baseline -0.001 -17"><span class='ocrx_word' id='word_1_123' title='bbox 272 1645 515 1705; x_wconf 89' lang='lat' dir='ltr'><strong>tonibus</strong></span> <span class='ocrx_word' id='word_1_124' title='bbox 546 1665 677 1703; x_wconf 90' lang='lat' dir='ltr'><strong>cum</strong></span> <span class='ocrx_word' id='word_1_125' title='bbox 701 1643 925 1721; x_wconf 86' lang='lat' dir='ltr'><strong>Anglo-</strong></span> <span class='ocrx_word' id='word_1_126' title='bbox 931 1643 1264 1704; x_wconf 81' lang='lat' dir='ltr'><strong>Saxonibus</strong></span> <span class='ocrx_word' id='word_1_127' title='bbox 1296 1649 1424 1702; x_wconf 89' lang='lat' dir='ltr'><strong>erat</strong></span> <span class='ocrx_word' id='word_1_128' title='bbox 1456 1643 1836 1703; x_wconf 86' lang='lat' dir='ltr'><strong>consuetudo.</strong></span> <span class='ocrx_word' id='word_1_129' title='bbox 1880 1642 2069 1701; x_wconf 87' lang='lat' dir='ltr'><strong>Immo</strong></span> <span class='ocrx_word' id='word_1_130' title='bbox 2102 1648 2306 1702; x_wconf 88' lang='lat' dir='ltr'><strong>tantae</strong></span> <span class='ocrx_word' id='word_1_131' title='bbox 2339 1646 2508 1701; x_wconf 87' lang='lat' dir='ltr'><strong>erant</strong></span> 
     </span>
     <span class='ocr_line' id='line_1_17' title="bbox 273 1730 2508 1816; baseline -0.002 -22"><span class='ocrx_word' id='word_1_132' title='bbox 273 1736 430 1794; x_wconf 88' lang='lat' dir='ltr'><strong>inter</strong></span> <span class='ocrx_word' id='word_1_133' title='bbox 445 1741 758 1811; x_wconf 90' lang='lat' dir='ltr'><strong>utramque</strong></span> <span class='ocrx_word' id='word_1_134' title='bbox 777 1740 1014 1810; x_wconf 85' lang='lat' dir='ltr'><strong>gentem</strong></span> <span class='ocrx_word' id='word_1_135' title='bbox 1032 1735 1275 1810; x_wconf 84' lang='lat' dir='ltr'><strong>ejusque</strong></span> <span class='ocrx_word' id='word_1_136' title='bbox 1291 1733 1565 1792; x_wconf 89' lang='lat' dir='ltr'><strong>ecclesias</strong></span> <span class='ocrx_word' id='word_1_137' title='bbox 1581 1732 1942 1805; x_wconf 87' lang='lat' dir='ltr'><strong>inimicitiae,</strong></span> <span class='ocrx_word' id='word_1_138' title='bbox 1961 1739 2031 1792; x_wconf 89' lang='lat' dir='ltr'><strong>ut</strong></span> <span class='ocrx_word' id='word_1_139' title='bbox 2040 1730 2508 1833; x_wconf 81' lang='lat' dir='ltr'><strong>Britonesfidem</strong></span> 
     </span>
     <span class='ocr_line' id='line_1_18' title="bbox 272 1818 2508 1926; baseline -0.002 -42"><span class='ocrx_word' id='word_1_140' title='bbox 272 1821 716 1926; x_wconf 69' lang='lat' dir='ltr'><strong>reliyionemque</strong></span> <span class='ocrx_word' id='word_1_141' title='bbox 745 1819 1080 1903; x_wconf 73' lang='lat' dir='ltr'><strong>Anylorum</strong></span> <span class='ocrx_word' id='word_1_142' title='bbox 1110 1842 1232 1903; x_wconf 88' lang='lat' dir='ltr'><strong>pro</strong></span> <span class='ocrx_word' id='word_1_143' title='bbox 1277 1819 1455 1881; x_wconf 75' lang='lat' dir='ltr'><strong>nihilo</strong></span> <span class='ocrx_word' id='word_1_144' title='bbox 1493 1820 1765 1882; x_wconf 74' lang='lat' dir='ltr'><strong>haberent</strong></span> <span class='ocrx_word' id='word_1_145' title='bbox 1792 1840 1972 1904; x_wconf 79' lang='lat' dir='ltr'><strong>neque</strong></span> <span class='ocrx_word' id='word_1_146' title='bbox 2001 1820 2064 1880; x_wconf 91' lang='lat' dir='ltr'><strong>in</strong></span> <span class='ocrx_word' id='word_1_147' title='bbox 2093 1818 2291 1902; x_wconf 80' lang='lat' dir='ltr'><strong>aliquo</strong></span> <span class='ocrx_word' id='word_1_148' title='bbox 2320 1819 2508 1902; x_wconf 60' lang='lat' dir='ltr'><strong>magis</strong></span> 
     </span>
     <span class='ocr_line' id='line_1_19' title="bbox 270 1910 2509 1994; baseline -0.002 -21"><span class='ocrx_word' id='word_1_149' title='bbox 270 1912 343 1973; x_wconf 76' lang='lat' dir='ltr'><strong>iis</strong></span> <span class='ocrx_word' id='word_1_150' title='bbox 385 1911 869 1973; x_wconf 77' lang='lat' dir='ltr'><strong>communicarent</strong></span> <span class='ocrx_word' id='word_1_151' title='bbox 898 1932 1077 1994; x_wconf 82' lang='lat' dir='ltr'><strong>quam</strong></span> <span class='ocrx_word' id='word_1_152' title='bbox 1105 1910 1362 1994; x_wconf 72' lang='lat' dir='ltr'><strong>paqanis</strong></span> <span class='ocrx_word' id='word_1_153' title='bbox 1393 1910 1584 1988; x_wconf 90' lang='lat' dir='ltr'><strong>(Beda</strong></span> <span class='ocrx_word' id='word_1_154' title='bbox 1615 1912 1672 1970; x_wconf 90' lang='lat' dir='ltr'><strong>h.</strong></span> <span class='ocrx_word' id='word_1_155' title='bbox 1705 1932 1752 1970; x_wconf 89' lang='lat' dir='ltr'><strong>e.</strong></span> <span class='ocrx_word' id='word_1_156' title='bbox 1788 1913 1844 1985; x_wconf 99' lang='grc'><strong>2,</strong></span> <span class='ocrx_word' id='word_1_157' title='bbox 1879 1912 1960 1969; x_wconf 94' lang='grc'><strong>20</strong></span> <span class='ocrx_word' id='word_1_158' title='bbox 1998 1911 2033 1988; x_wconf 64' lang='grc' dir='ltr'>ξ</span> <span class='ocrx_word' id='word_1_159' title='bbox 2073 1910 2241 1987; x_wconf 86' lang='grc'>147),</span> <span class='ocrx_word' id='word_1_160' title='bbox 2272 1916 2340 1969; x_wconf 93' lang='lat' dir='ltr'><strong>ut</strong></span> <span class='ocrx_word' id='word_1_161' title='bbox 2370 1931 2418 1968; x_wconf 91' lang='lat' dir='ltr'><strong>e.</strong></span> <span class='ocrx_word' id='word_1_162' title='bbox 2452 1931 2509 1986; x_wconf 85' lang='lat' dir='ltr'><strong>g.</strong></span> 
     </span>
     <span class='ocr_line' id='line_1_20' title="bbox 273 1996 2509 2101; baseline -0.001 -40"><span class='ocrx_word' id='word_1_163' title='bbox 273 1999 660 2062; x_wconf 59' lang='lat' dir='ltr'><strong>Demetai-um</strong></span> <span class='ocrx_word' id='word_1_164' title='bbox 703 2001 1023 2062; x_wconf 69' lang='lat' dir='ltr'><strong>sacerdotes</strong></span> <span class='ocrx_word' id='word_1_165' title='bbox 1067 2021 1171 2061; x_wconf 89' lang='lat' dir='ltr'><strong>nec</strong></span> <span class='ocrx_word' id='word_1_166' title='bbox 1199 2000 1262 2061; x_wconf 92' lang='lat' dir='ltr'><strong>in</strong></span> <span class='ocrx_word' id='word_1_167' title='bbox 1292 1998 1525 2062; x_wconf 80' lang='lat' dir='ltr'><strong>ecclesia</strong></span> <span class='ocrx_word' id='word_1_168' title='bbox 1554 2021 1687 2060; x_wconf 85' lang='lat' dir='ltr'><strong>cum</strong></span> <span class='ocrx_word' id='word_1_169' title='bbox 1717 1996 1928 2082; x_wconf 73' lang='lat' dir='ltr'><strong>Anylie</strong></span> <span class='ocrx_word' id='word_1_170' title='bbox 1960 1998 2292 2060; x_wconf 73' lang='lat' dir='ltr'><strong>orationum</strong></span> <span class='ocrx_word' id='word_1_171' title='bbox 2322 1998 2509 2101; x_wconf 78' lang='lat' dir='ltr'><strong>officia</strong></span> 
     </span>
    </p>

    <p class='ocr_par' dir='ltr' id='par_1_7' title="bbox 11 2087 2510 2226">
     <span class='ocr_line' id='line_1_21' title="bbox 11 2087 2510 2226; baseline -0.002 -74"><span class='ocrx_word' id='word_1_172' title='bbox 11 2163 31 2226; x_wconf 63' lang='lat'>&gt;</span> <span class='ocrx_word' id='word_1_173' title='bbox 274 2089 559 2152; x_wconf 83' lang='lat' dir='ltr'><strong>celebrare</strong></span> <span class='ocrx_word' id='word_1_174' title='bbox 618 2110 719 2151; x_wconf 90' lang='lat' dir='ltr'><strong>nec</strong></span> <span class='ocrx_word' id='word_1_175' title='bbox 779 2090 863 2151; x_wconf 83' lang='lat' dir='ltr'><strong>ad</strong></span> <span class='ocrx_word' id='word_1_176' title='bbox 920 2110 1181 2151; x_wconf 75' lang='lat' dir='ltr'><strong>mensam</strong></span> <span class='ocrx_word' id='word_1_177' title='bbox 1244 2088 1505 2150; x_wconf 83' lang='lat' dir='ltr'><strong>ciborum</strong></span> <span class='ocrx_word' id='word_1_178' title='bbox 1548 2087 1785 2172; x_wconf 88' lang='lat' dir='ltr'><strong>fercula</strong></span> <span class='ocrx_word' id='word_1_179' title='bbox 1829 2109 1952 2170; x_wconf 88' lang='lat' dir='ltr'><strong>pro</strong></span> <span class='ocrx_word' id='word_1_180' title='bbox 2008 2087 2263 2149; x_wconf 74' lang='lat' dir='ltr'><strong>caritatis</strong></span> <span class='ocrx_word' id='word_1_181' title='bbox 2312 2087 2510 2171; x_wconf 72' lang='lat' dir='ltr'><strong>qratia</strong></span> 
     </span>
    </p>

    <p class='ocr_par' dir='ltr' id='par_1_8' title="bbox 12 2176 2512 2884">
     <span class='ocr_line' id='line_1_22' title="bbox 12 2176 2510 2353; baseline -0.002 -21"><span class='ocrx_word' id='word_1_182' title='bbox 12 2253 13 2258; x_wconf 57' lang='lat'>‘</span> <span class='ocrx_word' id='word_1_183' title='bbox 264 2179 1270 2353; x_wconf 48' lang='lat' dir='ltr'><strong>ffifflffisstffltzssms</strong></span> <span class='ocrx_word' id='word_1_184' title='bbox 1292 2176 2510 2329; x_wconf 46' lang='lat' dir='ltr'><strong>oilffssssffissfflffiffifflssffl</strong></span> 
     </span>
     <span class='ocr_line' id='line_1_23' title="bbox 276 2354 2510 2442; baseline -0.001 -22"><span class='ocrx_word' id='word_1_185' title='bbox 276 2360 388 2420; x_wconf 73' lang='lat' dir='ltr'><strong>das</strong></span> <span class='ocrx_word' id='word_1_186' title='bbox 434 2358 637 2440; x_wconf 79' lang='lat' dir='ltr'><strong>porcis</strong></span> <span class='ocrx_word' id='word_1_187' title='bbox 684 2356 1068 2440; x_wconf 85' lang='lat' dir='ltr'><strong>projicerent,</strong></span> <span class='ocrx_word' id='word_1_188' title='bbox 1127 2356 1364 2418; x_wconf 73' lang='lat' dir='ltr'><strong>vascula</strong></span> <span class='ocrx_word' id='word_1_189' title='bbox 1422 2378 1644 2441; x_wconf 78' lang='lat' dir='ltr'><strong>quoque</strong></span> <span class='ocrx_word' id='word_1_190' title='bbox 1690 2367 1741 2417; x_wconf 92' lang='lat' dir='ltr'><strong>et</strong></span> <span class='ocrx_word' id='word_1_191' title='bbox 1765 2354 2012 2442; x_wconf 72' lang='lat' dir='ltr'><strong>fialae.</strong></span> <span class='ocrx_word' id='word_1_192' title='bbox 2111 2402 2124 2415; x_wconf 90' lang='lat'><strong>.</strong></span> <span class='ocrx_word' id='word_1_193' title='bbox 2167 2403 2179 2416; x_wconf 95' lang='lat'><strong>.</strong></span> <span class='ocrx_word' id='word_1_194' title='bbox 2229 2355 2510 2418; x_wconf 75' lang='lat' dir='ltr'><strong>cineribus</strong></span> 
     </span>
     <span class='ocr_line' id='line_1_24' title="bbox 276 2443 2512 2530; baseline -0.001 -21"><span class='ocrx_word' id='word_1_195' title='bbox 276 2447 573 2530; x_wconf 69' lang='lat' dir='ltr'><strong>eapianda</strong></span> <span class='ocrx_word' id='word_1_196' title='bbox 614 2448 1053 2530; x_wconf 70' lang='lat' dir='ltr'><strong>puryandaque</strong></span> <span class='ocrx_word' id='word_1_197' title='bbox 1088 2446 1527 2528; x_wconf 68' lang='lat' dir='ltr'><strong>praeciperent,</strong></span> <span class='ocrx_word' id='word_1_198' title='bbox 1587 2455 1637 2507; x_wconf 93' lang='lat' dir='ltr'><strong>et</strong></span> <span class='ocrx_word' id='word_1_199' title='bbox 1682 2446 1736 2506; x_wconf 76' lang='lat' dir='ltr'><strong>si</strong></span> <span class='ocrx_word' id='word_1_200' title='bbox 1777 2444 2006 2529; x_wconf 77' lang='lat' dir='ltr'><strong>quilibet</strong></span> <span class='ocrx_word' id='word_1_201' title='bbox 2052 2445 2123 2508; x_wconf 85' lang='lat' dir='ltr'><strong>de</strong></span> <span class='ocrx_word' id='word_1_202' title='bbox 2170 2443 2384 2528; x_wconf 61' lang='lat' dir='ltr'><strong>Anglis</strong></span> <span class='ocrx_word' id='word_1_203' title='bbox 2429 2446 2512 2506; x_wconf 83' lang='lat' dir='ltr'><strong>ad</strong></span> 
     </span>
     <span class='ocr_line' id='line_1_25' title="bbox 277 2535 2507 2617; baseline -0.001 -19"><span class='ocrx_word' id='word_1_204' title='bbox 277 2558 370 2598; x_wconf 77' lang='lat' dir='ltr'><strong>eos</strong></span> <span class='ocrx_word' id='word_1_205' title='bbox 413 2535 717 2599; x_wconf 77' lang='lat' dir='ltr'><strong>habitandi</strong></span> <span class='ocrx_word' id='word_1_206' title='bbox 758 2557 936 2597; x_wconf 77' lang='lat' dir='ltr'><strong>causa</strong></span> <span class='ocrx_word' id='word_1_207' title='bbox 969 2536 1388 2617; x_wconf 67' lang='lat' dir='ltr'><strong>perremissent,</strong></span> <span class='ocrx_word' id='word_1_208' title='bbox 1444 2557 1559 2596; x_wconf 85' lang='lat' dir='ltr'><strong>non</strong></span> <span class='ocrx_word' id='word_1_209' title='bbox 1591 2535 1769 2617; x_wconf 77' lang='lat' dir='ltr'><strong>prius</strong></span> <span class='ocrx_word' id='word_1_210' title='bbox 1814 2535 1898 2596; x_wconf 84' lang='lat' dir='ltr'><strong>ad</strong></span> <span class='ocrx_word' id='word_1_211' title='bbox 1943 2535 2293 2596; x_wconf 77' lang='lat' dir='ltr'><strong>consortium</strong></span> <span class='ocrx_word' id='word_1_212' title='bbox 2337 2536 2507 2596; x_wconf 73' lang='lat' dir='ltr'><strong>eoda-</strong></span> 
     </span>
     <span class='ocr_line' id='line_1_26' title="bbox 274 2624 2511 2708; baseline -0.002 -19"><span class='ocrx_word' id='word_1_213' title='bbox 274 2626 450 2689; x_wconf 61' lang='lat' dir='ltr'><strong>litatik</strong></span> <span class='ocrx_word' id='word_1_214' title='bbox 481 2647 618 2687; x_wconf 76' lang='lat' dir='ltr'><strong>suae</strong></span> <span class='ocrx_word' id='word_1_215' title='bbox 647 2626 965 2688; x_wconf 73' lang='lat' dir='ltr'><strong>adsciscere</strong></span> <span class='ocrx_word' id='word_1_216' title='bbox 995 2625 1392 2708; x_wconf 72' lang='lat' dir='ltr'><strong>diynarentur,</strong></span> <span class='ocrx_word' id='word_1_217' title='bbox 1438 2646 1616 2707; x_wconf 79' lang='lat' dir='ltr'><strong>quam</strong></span> <span class='ocrx_word' id='word_1_218' title='bbox 1644 2624 2038 2708; x_wconf 73' lang='lat' dir='ltr'><strong>quadraqinta</strong></span> <span class='ocrx_word' id='word_1_219' title='bbox 2068 2625 2295 2686; x_wconf 77' lang='lat' dir='ltr'><strong>dierum</strong></span> <span class='ocrx_word' id='word_1_220' title='bbox 2318 2625 2511 2705; x_wconf 77' lang='lat' dir='ltr'><strong>spatia</strong></span> 
     </span>
     <span class='ocr_line' id='line_1_27' title="bbox 274 2713 2508 2798; baseline -0.002 -20"><span class='ocrx_word' id='word_1_221' title='bbox 274 2718 338 2779; x_wconf 88' lang='lat' dir='ltr'><strong>in</strong></span> <span class='ocrx_word' id='word_1_222' title='bbox 355 2715 707 2797; x_wconf 83' lang='lat' dir='ltr'><strong>poenitendo</strong></span> <span class='ocrx_word' id='word_1_223' title='bbox 726 2736 1014 2798; x_wconf 74' lang='lat' dir='ltr'><strong>perayere</strong></span> <span class='ocrx_word' id='word_1_224' title='bbox 1045 2713 1520 2797; x_wconf 78' lang='lat' dir='ltr'><strong>compellerentur</strong></span> <span class='ocrx_word' id='word_1_225' title='bbox 1550 2714 1880 2792; x_wconf 88' lang='lat' dir='ltr'><strong>(Aldhelmi</strong></span> <span class='ocrx_word' id='word_1_226' title='bbox 1911 2736 2000 2795; x_wconf 91' lang='lat' dir='ltr'><strong>ep.</strong></span> <span class='ocrx_word' id='word_1_227' title='bbox 2034 2715 2126 2775; x_wconf 88' lang='lat' dir='ltr'><strong>ad.</strong></span> <span class='ocrx_word' id='word_1_228' title='bbox 2161 2713 2300 2775; x_wconf 87' lang='lat' dir='ltr'><strong>Ger.</strong></span> <span class='ocrx_word' id='word_1_229' title='bbox 2330 2716 2376 2776; x_wconf 85' lang='lat' dir='ltr'><strong>J</strong></span> <span class='ocrx_word' id='word_1_230' title='bbox 2378 2715 2508 2790; x_wconf 76' lang='lat' dir='ltr'><strong>affe,</strong></span> 
     </span>
     <span class='ocr_line' id='line_1_28' title="bbox 278 2804 1872 2884; baseline -0.002 -18"><span class='ocrx_word' id='word_1_231' title='bbox 278 2807 566 2867; x_wconf 89' lang='lat' dir='ltr'><strong>Biblioth.</strong></span> <span class='ocrx_word' id='word_1_232' title='bbox 613 2827 726 2865; x_wconf 92' lang='lat' dir='ltr'><strong>rer.</strong></span> <span class='ocrx_word' id='word_1_233' title='bbox 776 2804 974 2865; x_wconf 86' lang='lat' dir='ltr'><strong>Germ.</strong></span> <span class='ocrx_word' id='word_1_234' title='bbox 1019 2806 1124 2865; x_wconf 87' lang='lat' dir='ltr'><strong>III</strong></span> <span class='ocrx_word' id='word_1_235' title='bbox 1170 2827 1261 2883; x_wconf 91' lang='lat' dir='ltr'><strong>ep.</strong></span> <span class='ocrx_word' id='word_1_236' title='bbox 1315 2807 1343 2863; x_wconf 93' lang='grc'>1</span> <span class='ocrx_word' id='word_1_237' title='bbox 1396 2827 1453 2884; x_wconf 91' lang='lat' dir='ltr'><strong>p.</strong></span> <span class='ocrx_word' id='word_1_238' title='bbox 1503 2806 1586 2863; x_wconf 87' lang='grc'><strong>28</strong></span> <span class='ocrx_word' id='word_1_239' title='bbox 1636 2811 1697 2865; x_wconf 91' lang='lat' dir='ltr'><strong>et</strong></span> <span class='ocrx_word' id='word_1_240' title='bbox 1746 2806 1872 2882; x_wconf 87' lang='grc'><strong>29).</strong></span> 
     </span>
    </p>

    <p class='ocr_par' dir='ltr' id='par_1_9' title="bbox 275 2894 2513 3600">
     <span class='ocr_line' id='line_1_29' title="bbox 455 2894 2512 2975; baseline -0.001 -20"><span class='ocrx_word' id='word_1_241' title='bbox 455 2895 582 2956; x_wconf 85' lang='lat' dir='ltr'><strong>Soli</strong></span> <span class='ocrx_word' id='word_1_242' title='bbox 629 2895 1122 2975; x_wconf 87' lang='lat' dir='ltr'><strong>septentrionales</strong></span> <span class='ocrx_word' id='word_1_243' title='bbox 1168 2894 1470 2968; x_wconf 89' lang='lat' dir='ltr'><strong>Britones,</strong></span> <span class='ocrx_word' id='word_1_244' title='bbox 1521 2895 1623 2972; x_wconf 92' lang='lat' dir='ltr'><strong>qui</strong></span> <span class='ocrx_word' id='word_1_245' title='bbox 1667 2894 1925 2954; x_wconf 86' lang='lat' dir='ltr'><strong>Romani</strong></span> <span class='ocrx_word' id='word_1_246' title='bbox 1971 2894 2322 2955; x_wconf 89' lang='lat' dir='ltr'><strong>dicebantur</strong></span> <span class='ocrx_word' id='word_1_247' title='bbox 2368 2894 2512 2970; x_wconf 89' lang='lat' dir='ltr'><strong>(vid.</strong></span> 
     </span>
     <span class='ocr_line' id='line_1_30' title="bbox 277 2982 2513 3064; baseline -0.001 -18"><span class='ocrx_word' id='word_1_248' title='bbox 277 3008 455 3064; x_wconf 90' lang='lat' dir='ltr'><strong>supra</strong></span> <span class='ocrx_word' id='word_1_249' title='bbox 501 3008 557 3064; x_wconf 89' lang='lat' dir='ltr'><strong>p.</strong></span> <span class='ocrx_word' id='word_1_250' title='bbox 614 2986 717 3062; x_wconf 87' lang='lat'><strong>13)</strong></span> <span class='ocrx_word' id='word_1_251' title='bbox 781 2985 971 3044; x_wconf 90' lang='lat' dir='ltr'><strong>minus</strong></span> <span class='ocrx_word' id='word_1_252' title='bbox 1035 2985 1234 3044; x_wconf 89' lang='lat' dir='ltr'><strong>infesti</strong></span> <span class='ocrx_word' id='word_1_253' title='bbox 1299 2989 1470 3043; x_wconf 88' lang='lat' dir='ltr'><strong>erant</strong></span> <span class='ocrx_word' id='word_1_254' title='bbox 1514 2982 1748 3062; x_wconf 85' lang='lat' dir='ltr'><strong>Anglis.</strong></span> <span class='ocrx_word' id='word_1_255' title='bbox 1842 2983 2033 3043; x_wconf 88' lang='lat' dir='ltr'><strong>Iidem</strong></span> <span class='ocrx_word' id='word_1_256' title='bbox 2094 3005 2202 3062; x_wconf 87' lang='lat' dir='ltr'><strong>per</strong></span> <span class='ocrx_word' id='word_1_257' title='bbox 2261 2984 2513 3060; x_wconf 84' lang='lat' dir='ltr'><strong>triginta</strong></span> 
     </span>
     <span class='ocr_line' id='line_1_31' title="bbox 278 3074 2511 3152; baseline -0.002 -17"><span class='ocrx_word' id='word_1_258' title='bbox 278 3097 462 3136; x_wconf 87' lang='lat' dir='ltr'><strong>annos</strong></span> <span class='ocrx_word' id='word_1_259' title='bbox 500 3074 1125 3150; x_wconf 81' lang='lat' dir='ltr'><strong>Nordanhymbrorum</strong></span> <span class='ocrx_word' id='word_1_260' title='bbox 1161 3074 1494 3151; x_wconf 86' lang='lat' dir='ltr'><strong>Anglorum</strong></span> <span class='ocrx_word' id='word_1_261' title='bbox 1541 3074 1789 3152; x_wconf 89' lang='lat' dir='ltr'><strong>imperio</strong></span> <span class='ocrx_word' id='word_1_262' title='bbox 1838 3074 2089 3150; x_wconf 84' lang='lat' dir='ltr'><strong>subjecti</strong></span> <span class='ocrx_word' id='word_1_263' title='bbox 2135 3080 2305 3133; x_wconf 90' lang='lat' dir='ltr'><strong>erant</strong></span> <span class='ocrx_word' id='word_1_264' title='bbox 2352 3076 2511 3149; x_wconf 87' lang='lat' dir='ltr'><strong>(ann.</strong></span> 
     </span>
     <span class='ocr_line' id='line_1_32' title="bbox 281 3162 2511 3242; baseline -0.001 -19"><span class='ocrx_word' id='word_1_265' title='bbox 281 3165 627 3224; x_wconf 84' lang='lat'>657—685</span> <span class='ocrx_word' id='word_1_266' title='bbox 676 3166 746 3223; x_wconf 90' lang='lat' dir='ltr'><strong>cf.</strong></span> <span class='ocrx_word' id='word_1_267' title='bbox 779 3162 975 3223; x_wconf 81' lang='lat' dir='ltr'><strong>Skene</strong></span> <span class='ocrx_word' id='word_1_268' title='bbox 1022 3163 1073 3237; x_wconf 92' lang='grc' dir='ltr'><strong>Ι,</strong></span> <span class='ocrx_word' id='word_1_269' title='bbox 1118 3185 1176 3242; x_wconf 93' lang='lat' dir='ltr'><strong>p.</strong></span> <span class='ocrx_word' id='word_1_270' title='bbox 1213 3164 1367 3240; x_wconf 90' lang='grc'>267)</span> <span class='ocrx_word' id='word_1_271' title='bbox 1415 3169 1474 3222; x_wconf 93' lang='lat' dir='ltr'><strong>et</strong></span> <span class='ocrx_word' id='word_1_272' title='bbox 1519 3183 1639 3222; x_wconf 91' lang='lat' dir='ltr'><strong>una</strong></span> <span class='ocrx_word' id='word_1_273' title='bbox 1684 3184 1814 3223; x_wconf 90' lang='lat' dir='ltr'><strong>cum</strong></span> <span class='ocrx_word' id='word_1_274' title='bbox 1845 3162 2062 3240; x_wconf 84' lang='lat' dir='ltr'><strong>Anglis</strong></span> <span class='ocrx_word' id='word_1_275' title='bbox 2095 3162 2511 3235; x_wconf 85' lang='lat' dir='ltr'><strong>Oudberctum,</strong></span> 
     </span>
     <span class='ocr_line' id='line_1_33' title="bbox 275 3251 2512 3331; baseline -0.001 -19"><span class='ocrx_word' id='word_1_276' title='bbox 275 3255 664 3314; x_wconf 81' lang='lat' dir='ltr'><strong>clarissimum</strong></span> <span class='ocrx_word' id='word_1_277' title='bbox 726 3255 889 3312; x_wconf 91' lang='lat' dir='ltr'><strong>illum</strong></span> <span class='ocrx_word' id='word_1_278' title='bbox 950 3253 1229 3313; x_wconf 83' lang='lat' dir='ltr'><strong>abbatem</strong></span> <span class='ocrx_word' id='word_1_279' title='bbox 1291 3259 1351 3311; x_wconf 90' lang='lat' dir='ltr'><strong>et</strong></span> <span class='ocrx_word' id='word_1_280' title='bbox 1410 3259 1619 3330; x_wconf 88' lang='lat' dir='ltr'><strong>postea</strong></span> <span class='ocrx_word' id='word_1_281' title='bbox 1679 3251 2046 3331; x_wconf 89' lang='lat' dir='ltr'><strong>episcopum,</strong></span> <span class='ocrx_word' id='word_1_282' title='bbox 2107 3251 2211 3328; x_wconf 89' lang='lat' dir='ltr'><strong>qui</strong></span> <span class='ocrx_word' id='word_1_283' title='bbox 2271 3251 2512 3312; x_wconf 88' lang='lat' dir='ltr'><strong>natione</strong></span> 
     </span>
     <span class='ocr_line' id='line_1_34' title="bbox 279 3341 2513 3420; baseline -0.001 -18"><span class='ocrx_word' id='word_1_284' title='bbox 279 3344 581 3403; x_wconf 91' lang='lat' dir='ltr'><strong>Hibernus</strong></span> <span class='ocrx_word' id='word_1_285' title='bbox 629 3343 849 3420; x_wconf 82' lang='lat' dir='ltr'><strong>(Skene</strong></span> <span class='ocrx_word' id='word_1_286' title='bbox 883 3342 967 3414; x_wconf 91' lang='lat' dir='ltr'><strong>II,</strong></span> <span class='ocrx_word' id='word_1_287' title='bbox 1013 3363 1070 3420; x_wconf 89' lang='lat' dir='ltr'><strong>p.</strong></span> <span class='ocrx_word' id='word_1_288' title='bbox 1105 3342 1257 3418; x_wconf 91' lang='grc'>205)</span> <span class='ocrx_word' id='word_1_289' title='bbox 1304 3348 1505 3401; x_wconf 89' lang='lat' dir='ltr'><strong>tamen</strong></span> <span class='ocrx_word' id='word_1_290' title='bbox 1535 3342 1938 3401; x_wconf 85' lang='lat' dir='ltr'><strong>Romanorum</strong></span> <span class='ocrx_word' id='word_1_291' title='bbox 1987 3341 2246 3402; x_wconf 91' lang='lat' dir='ltr'><strong>moribus</strong></span> <span class='ocrx_word' id='word_1_292' title='bbox 2294 3343 2513 3419; x_wconf 91' lang='lat' dir='ltr'><strong>optime</strong></span> 
     </span>
     <span class='ocr_line' id='line_1_35' title="bbox 281 3430 2512 3512; baseline -0.002 -20"><span class='ocrx_word' id='word_1_293' title='bbox 281 3432 583 3512; x_wconf 90' lang='lat' dir='ltr'><strong>cupiebat,</strong></span> <span class='ocrx_word' id='word_1_294' title='bbox 639 3436 763 3508; x_wconf 83' lang='lat' dir='ltr'><strong>jam</strong></span> <span class='ocrx_word' id='word_1_295' title='bbox 824 3432 1023 3492; x_wconf 90' lang='lat' dir='ltr'><strong>vivum</strong></span> <span class='ocrx_word' id='word_1_296' title='bbox 1084 3438 1350 3491; x_wconf 90' lang='lat' dir='ltr'><strong>sanctum</strong></span> <span class='ocrx_word' id='word_1_297' title='bbox 1412 3451 1599 3508; x_wconf 91' lang='lat' dir='ltr'><strong>paene</strong></span> <span class='ocrx_word' id='word_1_298' title='bbox 1659 3433 2099 3492; x_wconf 87' lang='lat' dir='ltr'><strong>venerabantur</strong></span> <span class='ocrx_word' id='word_1_299' title='bbox 2160 3430 2380 3508; x_wconf 85' lang='lat' dir='ltr'><strong>(Skene</strong></span> <span class='ocrx_word' id='word_1_300' title='bbox 2426 3431 2512 3505; x_wconf 90' lang='grc' dir='ltr'><strong>Π,</strong></span> 
     </span>
     <span class='ocr_line' id='line_1_36' title="bbox 278 3521 2511 3600; baseline -0 -19"><span class='ocrx_word' id='word_1_301' title='bbox 278 3544 335 3600; x_wconf 92' lang='lat' dir='ltr'><strong>p.</strong></span> <span class='ocrx_word' id='word_1_302' title='bbox 385 3523 510 3581; x_wconf 89' lang='grc'><strong>206</strong></span> <span class='ocrx_word' id='word_1_303' title='bbox 561 3526 729 3599; x_wconf 92' lang='lat' dir='ltr'><strong>sqq.).</strong></span> <span class='ocrx_word' id='word_1_304' title='bbox 819 3521 1018 3594; x_wconf 87' lang='lat' dir='ltr'><strong>Unde,</strong></span> <span class='ocrx_word' id='word_1_305' title='bbox 1066 3527 1135 3581; x_wconf 92' lang='lat' dir='ltr'><strong>ut</strong></span> <span class='ocrx_word' id='word_1_306' title='bbox 1181 3521 1414 3600; x_wconf 88' lang='lat' dir='ltr'><strong>opinor,</strong></span> <span class='ocrx_word' id='word_1_307' title='bbox 1475 3522 1696 3580; x_wconf 87' lang='lat' dir='ltr'><strong>factum</strong></span> <span class='ocrx_word' id='word_1_308' title='bbox 1746 3526 1860 3595; x_wconf 91' lang='lat' dir='ltr'><strong>est,</strong></span> <span class='ocrx_word' id='word_1_309' title='bbox 1921 3527 1991 3580; x_wconf 90' lang='lat' dir='ltr'><strong>ut</strong></span> <span class='ocrx_word' id='word_1_310' title='bbox 2035 3521 2122 3594; x_wconf 85' lang='lat' dir='ltr'><strong>hi,</strong></span> <span class='ocrx_word' id='word_1_311' title='bbox 2171 3541 2511 3598; x_wconf 87' lang='lat' dir='ltr'><strong>quanquam</strong></span> 
     </span>
    </p>

    <p class='ocr_par' dir='ltr' id='par_1_10' title="bbox 10 3603 2516 4315">
     <span class='ocr_line' id='line_1_37' title="bbox 10 3603 2512 3691; baseline -0.001 -20"><span class='ocrx_word' id='word_1_312' title='bbox 10 3603 59 3682; x_wconf 53' lang='grc' dir='ltr'>ἶ</span> <span class='ocrx_word' id='word_1_313' title='bbox 277 3633 431 3671; x_wconf 88' lang='lat' dir='ltr'><strong>anno</strong></span> <span class='ocrx_word' id='word_1_314' title='bbox 481 3611 605 3669; x_wconf 88' lang='grc'><strong>685</strong></span> <span class='ocrx_word' id='word_1_315' title='bbox 654 3611 988 3671; x_wconf 87' lang='lat' dir='ltr'><strong>libertatem</strong></span> <span class='ocrx_word' id='word_1_316' title='bbox 1034 3616 1547 3688; x_wconf 87' lang='lat' dir='ltr'><strong>recuperaverant,</strong></span> <span class='ocrx_word' id='word_1_317' title='bbox 1594 3618 1792 3671; x_wconf 89' lang='lat' dir='ltr'><strong>tamen</strong></span> <span class='ocrx_word' id='word_1_318' title='bbox 1840 3612 2036 3691; x_wconf 87' lang='lat' dir='ltr'><strong>paullo</strong></span> <span class='ocrx_word' id='word_1_319' title='bbox 2082 3615 2219 3689; x_wconf 90' lang='lat' dir='ltr'><strong>post</strong></span> <span class='ocrx_word' id='word_1_320' title='bbox 2265 3617 2512 3670; x_wconf 90' lang='lat' dir='ltr'><strong>mortem</strong></span> 
     </span>
     <span class='ocr_line' id='line_1_38' title="bbox 279 3693 2513 3779; baseline 0 -20"><span class='ocrx_word' id='word_1_321' title='bbox 279 3701 599 3760; x_wconf 87' lang='lat' dir='ltr'><strong>Cudbercti</strong></span> <span class='ocrx_word' id='word_1_322' title='bbox 642 3700 709 3776; x_wconf 91' lang='lat'><strong>(†</strong></span> <span class='ocrx_word' id='word_1_323' title='bbox 730 3693 894 3777; x_wconf 83' lang='lat'><strong>⁴687)</strong></span> <span class='ocrx_word' id='word_1_324' title='bbox 927 3700 1107 3779; x_wconf 90' lang='lat' dir='ltr'><strong>primi</strong></span> <span class='ocrx_word' id='word_1_325' title='bbox 1149 3700 1408 3759; x_wconf 90' lang='lat' dir='ltr'><strong>omnium</strong></span> <span class='ocrx_word' id='word_1_326' title='bbox 1434 3700 1750 3760; x_wconf 89' lang='lat' dir='ltr'><strong>Britonum</strong></span> <span class='ocrx_word' id='word_1_327' title='bbox 1784 3701 2132 3760; x_wconf 87' lang='lat' dir='ltr'><strong>admonente</strong></span> <span class='ocrx_word' id='word_1_328' title='bbox 2157 3699 2513 3759; x_wconf 88' lang='lat' dir='ltr'><strong>Adamnano</strong></span> 
     </span>
     <span class='ocr_line' id='line_1_39' title="bbox 279 3788 2516 3869; baseline 0 -21"><span class='ocrx_word' id='word_1_329' title='bbox 279 3792 492 3849; x_wconf 90' lang='lat' dir='ltr'><strong>abbate</strong></span> <span class='ocrx_word' id='word_1_330' title='bbox 557 3788 791 3849; x_wconf 89' lang='lat' dir='ltr'><strong>Hiiensi</strong></span> <span class='ocrx_word' id='word_1_331' title='bbox 846 3789 1036 3865; x_wconf 89' lang='lat' dir='ltr'><strong>(Beda</strong></span> <span class='ocrx_word' id='word_1_332' title='bbox 1089 3791 1143 3851; x_wconf 88' lang='lat' dir='ltr'><strong>h.</strong></span> <span class='ocrx_word' id='word_1_333' title='bbox 1203 3811 1250 3848; x_wconf 92' lang='lat' dir='ltr'><strong>e.</strong></span> <span class='ocrx_word' id='word_1_334' title='bbox 1302 3789 1356 3863; x_wconf 90' lang='lat'><strong>5,</strong></span> <span class='ocrx_word' id='word_1_335' title='bbox 1410 3789 1487 3848; x_wconf 91' lang='lat'><strong>15</strong></span> <span class='ocrx_word' id='word_1_336' title='bbox 1537 3792 1571 3869; x_wconf 62' lang='grc' dir='ltr'>ἓ</span> <span class='ocrx_word' id='word_1_337' title='bbox 1620 3791 1775 3867; x_wconf 88' lang='grc'>402)</span> <span class='ocrx_word' id='word_1_338' title='bbox 1831 3789 2234 3849; x_wconf 86' lang='lat' dir='ltr'><strong>Romanorum</strong></span> <span class='ocrx_word' id='word_1_339' title='bbox 2294 3791 2516 3868; x_wconf 90' lang='lat' dir='ltr'><strong>pascha</strong></span> 
     </span>
     <span class='ocr_line' id='line_1_40' title="bbox 279 3879 2516 3959; baseline 0.001 -23"><span class='ocrx_word' id='word_1_340' title='bbox 279 3880 434 3937; x_wconf 83' lang='lat' dir='ltr'><strong>ultro</strong></span> <span class='ocrx_word' id='word_1_341' title='bbox 494 3879 829 3958; x_wconf 88' lang='lat' dir='ltr'><strong>reciperent</strong></span> <span class='ocrx_word' id='word_1_342' title='bbox 890 3880 1170 3956; x_wconf 91' lang='lat' dir='ltr'><strong>(quonam</strong></span> <span class='ocrx_word' id='word_1_343' title='bbox 1227 3901 1380 3939; x_wconf 92' lang='lat' dir='ltr'><strong>anno</strong></span> <span class='ocrx_word' id='word_1_344' title='bbox 1426 3880 1536 3939; x_wconf 90' lang='lat' dir='ltr'><strong>hoc</strong></span> <span class='ocrx_word' id='word_1_345' title='bbox 1582 3881 1803 3939; x_wconf 87' lang='lat' dir='ltr'><strong>factum</strong></span> <span class='ocrx_word' id='word_1_346' title='bbox 1850 3879 1953 3953; x_wconf 91' lang='lat' dir='ltr'><strong>sit,</strong></span> <span class='ocrx_word' id='word_1_347' title='bbox 2016 3880 2311 3959; x_wconf 88' lang='lat' dir='ltr'><strong>discrepat</strong></span> <span class='ocrx_word' id='word_1_348' title='bbox 2356 3879 2516 3939; x_wconf 92' lang='lat' dir='ltr'><strong>inter</strong></span> 
     </span>
     <span class='ocr_line' id='line_1_41' title="bbox 279 3965 2511 4049; baseline -0 -21"><span class='ocrx_word' id='word_1_349' title='bbox 279 3969 625 4046; x_wconf 84' lang='lat' dir='ltr'><strong>scriptores:</strong></span> <span class='ocrx_word' id='word_1_350' title='bbox 682 3965 1050 4049; x_wconf 49' lang='lat' dir='ltr'><strong>,probably‘</strong></span> <span class='ocrx_word' id='word_1_351' title='bbox 1101 3970 1227 4027; x_wconf 88' lang='lat'><strong>704</strong></span> <span class='ocrx_word' id='word_1_352' title='bbox 1279 3970 1358 4028; x_wconf 92' lang='lat' dir='ltr'><strong>H.</strong></span> <span class='ocrx_word' id='word_1_353' title='bbox 1406 3970 1523 4028; x_wconf 90' lang='lat' dir='ltr'><strong>and</strong></span> <span class='ocrx_word' id='word_1_354' title='bbox 1570 3970 1657 4031; x_wconf 85' lang='lat' dir='ltr'><strong>St.</strong></span> <span class='ocrx_word' id='word_1_355' title='bbox 1702 3968 1790 4044; x_wconf 90' lang='lat' dir='ltr'><strong>II,</strong></span> <span class='ocrx_word' id='word_1_356' title='bbox 1844 3970 1872 4027; x_wconf 91' lang='lat'>1</span> <span class='ocrx_word' id='word_1_357' title='bbox 1924 3991 1982 4047; x_wconf 91' lang='lat' dir='ltr'><strong>p.</strong></span> <span class='ocrx_word' id='word_1_358' title='bbox 2033 3970 2069 4027; x_wconf 88' lang='lat'><strong>3</strong></span> <span class='ocrx_word' id='word_1_359' title='bbox 2119 3976 2180 4028; x_wconf 94' lang='lat' dir='ltr'><strong>et</strong></span> <span class='ocrx_word' id='word_1_360' title='bbox 2228 3972 2299 4041; x_wconf 85' lang='lat'><strong>6;</strong></span> <span class='ocrx_word' id='word_1_361' title='bbox 2351 3970 2511 4028; x_wconf 88' lang='lat'>688:</span> 
     </span>
     <span class='ocr_line' id='line_1_42' title="bbox 277 4056 2514 4140; baseline 0 -22"><span class='ocrx_word' id='word_1_362' title='bbox 277 4058 472 4118; x_wconf 82' lang='lat' dir='ltr'><strong>Skene</strong></span> <span class='ocrx_word' id='word_1_363' title='bbox 503 4057 589 4132; x_wconf 93' lang='lat' dir='ltr'><strong>II,</strong></span> <span class='ocrx_word' id='word_1_364' title='bbox 635 4080 692 4137; x_wconf 94' lang='lat' dir='ltr'><strong>p.</strong></span> <span class='ocrx_word' id='word_1_365' title='bbox 728 4060 854 4116; x_wconf 89' lang='grc'><strong>219</strong></span> <span class='ocrx_word' id='word_1_366' title='bbox 905 4058 976 4116; x_wconf 87' lang='lat' dir='ltr'><strong>cf.</strong></span> <span class='ocrx_word' id='word_1_367' title='bbox 1021 4058 1222 4135; x_wconf 83' lang='lat' dir='ltr'><strong>infra).</strong></span> <span class='ocrx_word' id='word_1_368' title='bbox 1298 4059 1447 4117; x_wconf 88' lang='lat' dir='ltr'><strong>Inde</strong></span> <span class='ocrx_word' id='word_1_369' title='bbox 1480 4058 1753 4119; x_wconf 86' lang='lat' dir='ltr'><strong>Sedulius</strong></span> <span class='ocrx_word' id='word_1_370' title='bbox 1785 4057 2128 4140; x_wconf 77' lang='lat' dir='ltr'><strong>„episcopus</strong></span> <span class='ocrx_word' id='word_1_371' title='bbox 2158 4056 2514 4119; x_wconf 80' lang='lat' dir='ltr'><strong>Britanniae</strong></span> 
     </span>
     <span class='ocr_line' id='line_1_43' title="bbox 277 4145 2513 4229; baseline -0 -21"><span class='ocrx_word' id='word_1_372' title='bbox 277 4147 350 4208; x_wconf 88' lang='lat' dir='ltr'><strong>de</strong></span> <span class='ocrx_word' id='word_1_373' title='bbox 399 4166 602 4229; x_wconf 70' lang='lat' dir='ltr'><strong>yenere</strong></span> <span class='ocrx_word' id='word_1_374' title='bbox 647 4145 1018 4219; x_wconf 86' lang='lat' dir='ltr'><strong>Scotorum“,</strong></span> <span class='ocrx_word' id='word_1_375' title='bbox 1080 4149 1182 4224; x_wconf 90' lang='lat' dir='ltr'><strong>qui</strong></span> <span class='ocrx_word' id='word_1_376' title='bbox 1240 4168 1392 4207; x_wconf 92' lang='lat' dir='ltr'><strong>anno</strong></span> <span class='ocrx_word' id='word_1_377' title='bbox 1453 4150 1576 4206; x_wconf 91' lang='grc'><strong>721</strong></span> <span class='ocrx_word' id='word_1_378' title='bbox 1639 4149 1883 4208; x_wconf 89' lang='lat' dir='ltr'><strong>concilio</strong></span> <span class='ocrx_word' id='word_1_379' title='bbox 1940 4170 1975 4207; x_wconf 98' lang='lat' dir='ltr'><strong>a</strong></span> <span class='ocrx_word' id='word_1_380' title='bbox 2022 4147 2311 4226; x_wconf 83' lang='lat' dir='ltr'><strong>Gregorio</strong></span> <span class='ocrx_word' id='word_1_381' title='bbox 2357 4170 2513 4227; x_wconf 87' lang='lat' dir='ltr'><strong>papa</strong></span> 
     </span>
     <span class='ocr_line' id='line_1_44' title="bbox 277 4236 2512 4315; baseline 0 -18"><span class='ocrx_word' id='word_1_382' title='bbox 277 4239 338 4297; x_wconf 91' lang='lat' dir='ltr'><strong>in</strong></span> <span class='ocrx_word' id='word_1_383' title='bbox 385 4238 530 4296; x_wconf 89' lang='lat' dir='ltr'><strong>urbe</strong></span> <span class='ocrx_word' id='word_1_384' title='bbox 561 4237 753 4297; x_wconf 86' lang='lat' dir='ltr'><strong>Roma</strong></span> <span class='ocrx_word' id='word_1_385' title='bbox 798 4237 1003 4296; x_wconf 91' lang='lat' dir='ltr'><strong>habito</strong></span> <span class='ocrx_word' id='word_1_386' title='bbox 1050 4238 1320 4296; x_wconf 88' lang='lat' dir='ltr'><strong>interfuit</strong></span> <span class='ocrx_word' id='word_1_387' title='bbox 1367 4237 1470 4314; x_wconf 88' lang='lat' dir='ltr'><strong>(H.</strong></span> <span class='ocrx_word' id='word_1_388' title='bbox 1519 4239 1634 4296; x_wconf 89' lang='lat' dir='ltr'><strong>and</strong></span> <span class='ocrx_word' id='word_1_389' title='bbox 1668 4236 1756 4298; x_wconf 85' lang='lat' dir='ltr'><strong>St.</strong></span> <span class='ocrx_word' id='word_1_390' title='bbox 1796 4237 1880 4312; x_wconf 92' lang='lat' dir='ltr'><strong>II,</strong></span> <span class='ocrx_word' id='word_1_391' title='bbox 1935 4239 1962 4296; x_wconf 95' lang='lat'>1</span> <span class='ocrx_word' id='word_1_392' title='bbox 2019 4260 2074 4315; x_wconf 89' lang='lat' dir='ltr'><strong>p.</strong></span> <span class='ocrx_word' id='word_1_393' title='bbox 2109 4240 2191 4315; x_wconf 86' lang='lat'><strong>7),</strong></span> <span class='ocrx_word' id='word_1_394' title='bbox 2236 4259 2355 4297; x_wconf 88' lang='lat' dir='ltr'><strong>non</strong></span> <span class='ocrx_word' id='word_1_395' title='bbox 2387 4239 2512 4297; x_wconf 91' lang='lat' dir='ltr'><strong>sine</strong></span> 
     </span>
    </p>
   </div>
  </div>
 </body>
</html>
