3025 4909
1490 200 1928 258 —78—

583 381 781 441 storiis
843 375 1172 441 arctissime
1235 381 1537 457 conjuncti
1597 387 1786 440 erant.
1878 380 2010 439 Hoc
2067 379 2224 438 idem
2276 378 2390 437 hoc
2449 378 2591 436 loco
2657 373 2887 434 mani·

583 469 968 529 festissimum
1012 476 1119 528 est.
1189 464 1361 530 Nam
1406 466 1678 529 monachi
1718 477 1883 528 eram
1928 467 2204 539 maxime,
2252 465 2355 548 qui
2396 487 2539 526 cum
2584 462 2888 524 Aedoezo

583 556 669 616 ad
701 557 1178 638 praedicandum
1222 567 1510 620 vmerant.
1601 554 1933 618 Monachus
1979 556 2102 638 ipse
2145 554 2466 637 episeopus,
2519 562 2755 634 utpote
2808 550 2883 612 de

582 643 804 718 ivmda,
863 666 1011 728 quae
1069 656 1307 708 vocatur
1351 643 1467 707 Ha·
1507 645 1825 707 destinam
1870 648 2160 723 (Bedah.
2199 665 2249 706 e.
2290 647 2350 717 3,
2392 646 2450 718 3,
2499 645 2537 721 ξ
2590 643 2887 718 15¹7)et

585 731 986 796 monachicam
1030 756 1163 795 eum
1206 735 1328 796 suis
1371 733 1639 796 omnibus
1690 735 1871 796 vitam
1924 754 2154 817 semper
2205 753 2376 815 ayere
2433 730 2677 793 solebat
2734 730 2877 806 (vit.

585 822 778 883 Cudb.
811 824 989 898 XVI,
1021 826 1192 903 §222
1224 846 1317 927 op.
1348 825 1433 899 ΙΙ,
1465 848 1525 904 p.
1552 826 1680 902 79).
1752 821 1919 885 Unde
1958 826 2046 885 ait
2092 824 2259 883 Beda
2300 823 2432 899 (vit.
2462 821 2679 881 Oudb.
2714 821 2767 878 1.
2805 822 2878 892 0.)

582 910 663 972 ab
706 909 809 974 illo
853 934 1049 974 omnes
1095 910 1210 974 loci
1258 913 1442 995 ipsius
1493 912 1771 975 antistites
1823 913 1906 973 sic
1963 909 2286 995 episcopale
2338 929 2683 973 exermasse
2736 906 2873 991 offi-

585 1001 771 1075 cium,
836 1011 900 1062 ut
957 1012 1179 1083 reyente
1236 1003 1654 1064 monasterium
1716 1001 1950 1074 abbate,
2011 1020 2181 1084 quem
2235 1000 2356 1081 ipsi
2409 1020 2546 1061 cum
2600 995 2877 1059 causalia

568 1089 847 1171 fratmm
905 1089 1197 1172 eleymz’nt,
1258 1111 1454 1153 omnes
1500 1091 1857 1173 presbyteri,
1919 1089 2175 1164 dweom',
2247 1098 2541 1161 cantores,
2600 1085 2875 1147 lectores

588 1178 863 1262 ceterique
917 1180 1146 1262 yradacs
1205 1178 1568 1241 ecclesiastici
1620 1178 2022 1242 monachicam
2079 1198 2197 1261 per
2256 1176 2456 1240 omm'a
2508 1197 2659 1238 cum
2730 1175 2870 1258 ipso

587 1265 858 1351 episcopo
903 1268 1171 1351 reqoelam
1214 1279 1449 1331 servent.
1509 1305 1596 1317 -—
1656 1270 1749 1330 At
1801 1270 2024 1344 nescio,
2087 1291 2163 1329 an
2207 1269 2273 1328 in
2317 1269 2428 1327 hac
2472 1287 2539 1327 re
2584 1266 2789 1325 Beda
2837 1285 2872 1322 a

590 1358 848 1418 veritate
894 1361 1159 1438 paullum
1205 1360 1591 1420 aberraverit.
1666 1360 1822 1421 Nam
1868 1380 2001 1419 cum
2045 1359 2171 1436 ipse
2217 1364 2358 1417 ante
2398 1355 2693 1417 Colmani
2745 1354 2870 1414 dis·

589 1465 819 1507 cessum
866 1449 966 1522 (cf.
1011 1449 1193 1525 infra)
1247 1449 1484 1508 abbatis
1529 1449 2036 1509 Lindisfarnensis
2081 1447 2442 1507 mentionem
2484 1465 2605 1504 non
2660 1444 2869 1502 faciat

560 1535 675 1609 ·(h.
707 1557 757 1595 e.
794 1537 850 1608 3,
886 1538 988 1609 26,
1020 1539 1055 1615 ξ
1089 1539 1261 1614 237),
1323 1538 1739 1617 suspicandum
1785 1545 1877 1598 est
1920 1557 2040 1597 non
2085 1537 2274 1597 solum
2319 1533 2673 1605 Aedanum,
2758 1531 2866 1593 sed

590 1622 775 1682 etiam
820 1624 1117 1684 Finanum
1165 1634 1226 1686 et
1271 1625 1621 1687 Colmanum
1667 1626 1828 1705 ipsos
1873 1627 2111 1687 abbatis
2157 1625 2365 1684 officiis
2409 1625 2646 1683 functos
2707 1642 2863 1682 0880.

591 1709 714 1770 Sed
760 1714 875 1772 etsi
920 1715 1114 1775 facere
1159 1736 1276 1775 non
1323 1736 1660 1794 possumus,
1707 1717 1849 1793 quin
1897 1717 2044 1775 illud
2089 1715 2477 1792 suspicemur,
2523 1719 2747 1771 tamen
2798 1711 2862 1769 in

593 1800 704 1860 hac
734 1822 798 1860 re
832 1805 1211 1882 conspicuum
1241 1806 1619 1883 relinquitur,
1668 1806 1827 1883 quod
1872 1806 2037 1882 prior
2081 1809 2211 1863 erat
2256 1801 2607 1881 episcopalis
2651 1800 2859 1872 sedes,

593 1891 890 1969 posterius
936 1894 1375 1967 monasterium,
1421 1893 1583 1971 quod
1621 1894 1899 1954 Ebrardo
1943 1913 2186 1974 prorsus
2232 1896 2545 1970 repugnat.
2607 1889 2853 1949 Eodem

593 1980 768 2039 modo
830 1982 1012 2041 etiam
1073 1983 1309 2043 Oeddus
1369 1984 1681 2062 episcopus
1740 1989 1802 2042 et
1861 1984 1988 2061 ipse
2050 1981 2396 2054 monachus,
2456 1984 2852 2058 postquam

597 2068 908 2147 episcopus
969 2070 1361 2131 Orientalium
1424 2072 1727 2133 Saxonum
1790 2073 1985 2132 factus
2044 2077 2136 2130 est
2151 2115 2167 2144 ,
2234 2069 2659 2129 monasterium
2726 2066 2848 2128 sibi

592 2159 930 2218 construxit
991 2163 1235 2236 ejusque
1282 2157 1462 2241 juxta
1519 2159 1666 2220 ritus
1724 2157 2305 2242 Hndzsfarnensium
2363 2156 2608 2217 11181ιῖαᾶ
2664 2156 2846 2216 81111111

596 2265 728 2304 011111
775 2249 1123 2327 episcopatu
1170 2269 1369 2309 curam
1415 2251 1602 2328 gessit
1644 2270 1832 2326 usque
1862 2250 1938 2308 ad
1969 2253 2218 2309 mortem
2246 2247 2444 2323 (Beda
2473 2247 2531 2306 11.
2564 2267 2615 2304 0.
2651 2247 2706 2319 3,
2735 2244 2843 2317 23,

597 2335 633 2412 ξ
668 2336 840 2414 218).
932 2339 1209 2416 Denique
1256 2337 1459 2397 eodem
1504 2340 1679 2398 modo
1728 2339 1906 2399 etiam
1953 2337 2222 2410 Ceadda,
2281 2336 2643 2396 Merciorum
2687 2333 2839 2412 epis·

598 2443 797 2502 copus,
842 2426 1203 2487 mansionem
1245 2424 1357 2487 sibi
1382 2425 1530 2508 fecit
1571 2447 1691 2487 non
1736 2425 1902 2509 lonye
1946 2426 2022 2487 ab
2067 2422 2298 2487 eeclesia
2341 2422 2727 2495 remotiorem,
2777 2420 2841 2481 in

593 2531 716 2593 qua
745 2512 1011 2575 secretius
1039 2536 1173 2575 oum
1204 2514 1436 2596 paucis,
1481 2516 1550 2577 id
1577 2525 1660 2577 est
1688 2526 1903 2598 septem
1947 2515 2063 2576 sive
2107 2523 2232 2576 octo
2261 2511 2579 2596 fratribus,
2620 2510 2840 2594 quoties

597 2619 656 2747 g
682 2597 878 2663 labore
922 2612 974 2663 et
1016 2603 1334 2665 ministevio
1377 2604 1536 2665 verbi
1576 2604 1839 2676 vacabat,
1888 2623 2059 2664 orare
2103 2612 2157 2665 et
2185 2601 2367 2684 leyere
2394 2599 2616 2663 solebat
2644 2600 2837 2678 (Beda

688 2711 737 2749 e.
771 2692 830 2765 4,
863 2692 919 2765 3,
951 2695 985 2772 ξ
1021 2695 1192 2770 260).

777 2781 947 2839 Haec
977 2783 1173 2842 omnia
1205 2804 1335 2843 cum
1380 2784 1470 2856 iis,
1521 2804 1671 2862 quae
1702 2804 1884 2862 supra
1914 2782 2187 2856 diximus,
2235 2782 2458 2861 optime
2488 2786 2834 2858 congruunt.

599 2867 834 2944 Itaque,
880 2877 1210 2947 postquam,
1258 2893 1409 2950 quae
1440 2875 1515 2933 de
1561 2874 1671 2932 hac
1715 2893 1781 2931 re
1811 2879 2096 2945 constent,
2149 2872 2415 2946 vidimus,
2459 2877 2693 2949 tempus
2731 2875 2833 2942 est,

600 2963 672 3016 ut
717 2979 850 3016 oum
892 2959 1297 3022 Romanorum
1343 2962 1608 3021 moribus
1654 2982 2059 3040 comparemus
2106 2960 2388 3021 Scoticos.
2450 2958 2835 3037 Comparavit

591 3050 721 3123 jam
766 3048 952 3108 Beda.
1044 3049 1481 3110 Commemorat
1540 3051 1697 3109 enim
1760 3052 1888 3127 (vit.
1935 3050 2124 3109 Cudb.
2169 3052 2205 3110 1.
2253 3054 2328 3127 0.)
2382 3049 2547 3107 illam
2600 3046 2834 3108 vivendi

601 3157 868 3197 normam
885 3184 899 3213 ,
962 3159 1140 3216 quam
1199 3141 1262 3199 in
1323 3139 1798 3199 Lindisfarnensi
1860 3139 2216 3199 monasterio
2281 3145 2342 3199 et
2400 3137 2623 3216 passim
2683 3134 2833 3214 apud

601 3225 812 3287 Scotos
855 3230 1205 3303 invenimus,
1255 3227 1499 3288 eandem
1547 3248 1687 3301 esse,
1737 3248 1913 3307 quam
1959 3230 2170 3288 beatus
2201 3249 2358 3306 papa
2390 3225 2717 3302 Gregorius
2759 3224 2831 3283 ab

602 3312 946 3391 Augustino
994 3317 1390 3378 Cantuarensi
1436 3323 1498 3377 et
1552 3317 1728 3376 sociis
1784 3320 1911 3392 ejus
1968 3320 2342 3377 observatam
2388 3315 2596 3376 voluit.
2686 3315 2830 3374 Nam

604 3408 666 3462 et
710 3405 837 3482 ipse
883 3405 1258 3482 Augustinus
1313 3406 1623 3484 episcopus
1679 3411 1810 3464 erat
1863 3412 1925 3464 et
1969 3407 2154 3466 abbas
2202 3405 2395 3482 (Beda
2435 3405 2493 3462 11.
2540 3423 2590 3462 0.
2641 3405 2693 3476 1,
2735 3403 2828 3475 23,

605 3493 642 3569 ξ
679 3493 780 3567 51,
828 3495 900 3554 cf.
944 3495 1069 3571 52).
1159 3495 1366 3571 Neque
1439 3514 1592 3554 unus
1654 3494 1981 3571 Gregorius
2049 3496 2215 3553 illam
2273 3493 2513 3555 vivendi
2576 3512 2827 3551 normam

604 3582 901 3661 probavit,
948 3584 1053 3644 sed
1071 3627 1080 3632 -
1097 3584 1373 3644 universa
1421 3584 1665 3644 ecclesia
1712 3584 2004 3644 catholica
2049 3584 2296 3643 alterius
2341 3581 2687 3659 Augustini,
2727 3580 2821 3638 illo

608 3671 899 3745 clarioris,
961 3673 1290 3752 exemplum
1344 3693 1592 3750 sequens
1647 3674 1799 3732 hanc
1844 3672 2245 3732 instituendae
2293 3672 2636 3732 clericorum
2678 3669 2821 3729 vitae

603 3759 856 3820 formam
892 3762 1175 3840 optimam
1206 3783 1331 3822 esse
1378 3782 1446 3821 ac
1490 3763 1813 3841 perfectam
1860 3781 2163 3837 nunquam
2207 3782 2327 3821 non
2373 3760 2618 3831 censuit,
2659 3759 2821 3816 immo

605 3857 814 3928 postea
874 3852 1034 3910 vitae
1094 3852 1410 3911 canonicae
1471 3851 1712 3910 clericos
1773 3850 2042 3927 obligans
2111 3851 2345 3929 publice
2405 3857 2497 3911 081
2561 3850 2820 3926 professa.

606 3939 770 4017 Ergo
837 3941 996 4016 quod
1053 3941 1425 4020 potissimum
1483 3939 1798 4000 Scotorum
1853 3946 1985 3999 erat
2049 3940 2374 4018 proprium,
2437 3939 2819 3998 Romanorum

607 4029 871 4088 moribus
916 4048 1289 4105 nequaquam
1336 4035 1467 4089 erat
1513 4030 1891 4089 contrarium.
1954 4028 2114 4102 Quin
2162 4029 2341 4088 etiam
2386 4029 2438 4087 si
2483 4028 2547 4086 in
2592 4028 2818 4103 antiqua

602 4122 727 4194 jam
770 4117 1080 4177 Scotorum
1129 4118 1374 4178 ecclesia
1419 4118 1704 4177 nonnulla
1750 4117 2110 4177 monasteria
2156 4116 2360 4176 eodem
2401 4120 2536 4192 jure
2583 4115 2819 4193 eligendi

612 4206 918 4285 episcopos
963 4227 1069 4267 usa
1115 4213 1327 4277 essent,
1375 4227 1490 4284 quo
1522 4214 1729 4285 postea
1761 4206 2010 4282 (Braun,
2057 4207 2130 4266 de
2162 4205 2404 4265 Culdeis
2433 4228 2492 4284 p.
2530 4207 2611 4264 10
2646 4212 2703 4264 et
2732 4206 2817 4276 19,

607 4294 846 4355 Ebrard
876 4318 931 4375 p.
960 4298 998 4356 4
1031 4302 1153 4356 1101.
1189 4297 1271 4373 3),
1303 4317 1378 4355 ne
1409 4297 1521 4356 1100
1554 4295 1789 4373 quidem
1819 4295 2106 4355 Romanis
2137 4295 2817 4372 improbandum-fuisset.
