<?xml version="1.0" encoding="UTF-8"?>
<!DOCTYPE html PUBLIC "-//W3C//DTD XHTML 1.0 Transitional//EN"
    "http://www.w3.org/TR/xhtml1/DTD/xhtml1-transitional.dtd">
<html xmlns="http://www.w3.org/1999/xhtml" xml:lang="en" lang="en">
 <head>
  <title>
</title>
<meta http-equiv="Content-Type" content="text/html;charset=utf-8" />
  <meta name='ocr-system' content='tesseract 3.04.00' />
  <meta name='ocr-capabilities' content='ocr_page ocr_carea ocr_par ocr_line ocrx_word'/>
</head>
<body>
  <div class='ocr_page' id='page_1' title='image "./deantiquabriton00loofgoog_0110.png"; bbox 0 0 3025 4909; ppageno 0'>
   <div class='ocr_carea' id='block_1_1' title="bbox 7 4362 14 4886">
    <p class='ocr_par' dir='ltr' id='par_1_1' title="bbox 7 4362 14 4886">
     <span class='ocr_line' id='line_1_1' title="bbox 7 4362 14 4886; baseline 0 0"><span class='ocrx_word' id='word_1_1' title='bbox 7 4362 14 4886; x_wconf 95' lang='lat' dir='ltr'> </span> 
     </span>
    </p>
   </div>
   <div class='ocr_carea' id='block_1_2' title="bbox 2739 186 2784 198">
    <p class='ocr_par' dir='ltr' id='par_1_2' title="bbox 2739 186 2784 198">
     <span class='ocr_line' id='line_1_2' title="bbox 2739 186 2784 198; baseline 0 0"><span class='ocrx_word' id='word_1_2' title='bbox 2739 186 2784 198; x_wconf 47' lang='lat' dir='ltr'>Q-</span> 
     </span>
    </p>
   </div>
   <div class='ocr_carea' id='block_1_3' title="bbox 1367 228 1857 286">
    <p class='ocr_par' dir='ltr' id='par_1_3' title="bbox 1367 228 1857 286">
     <span class='ocr_line' id='line_1_3' title="bbox 1367 228 1857 286; baseline -0.004 0"><span class='ocrx_word' id='word_1_3' title='bbox 1367 228 1857 286; x_wconf 80' lang='lat'>—104—</span> 
     </span>
    </p>
   </div>
   <div class='ocr_carea' id='block_1_4' title="bbox 469 404 2751 3766">
    <p class='ocr_par' dir='ltr' id='par_1_4' title="bbox 481 404 2751 1015">
     <span class='ocr_line' id='line_1_4' title="bbox 487 404 2751 483; baseline -0.001 -19"><span class='ocrx_word' id='word_1_4' title='bbox 487 427 600 483; x_wconf 88' lang='lat' dir='ltr'>que</span> <span class='ocrx_word' id='word_1_5' title='bbox 648 406 1058 482; x_wconf 85' lang='lat' dir='ltr'>cognovimus,</span> <span class='ocrx_word' id='word_1_6' title='bbox 1105 424 1258 480; x_wconf 88' lang='lat' dir='ltr'>quae</span> <span class='ocrx_word' id='word_1_7' title='bbox 1304 407 1385 464; x_wconf 89' lang='lat' dir='ltr'>sit</span> <span class='ocrx_word' id='word_1_8' title='bbox 1429 405 1595 463; x_wconf 90' lang='lat' dir='ltr'>notio</span> <span class='ocrx_word' id='word_1_9' title='bbox 1642 404 1807 464; x_wconf 85' lang='lat' dir='ltr'>vocis</span> <span class='ocrx_word' id='word_1_10' title='bbox 1869 405 2201 477; x_wconf 79' lang='lat' dir='ltr'>clientelae,</span> <span class='ocrx_word' id='word_1_11' title='bbox 2263 404 2751 463; x_wconf 78' lang='lat' dir='ltr'>luculentissime</span> 
     </span>
     <span class='ocr_line' id='line_1_5' title="bbox 486 492 2749 573; baseline -0 -20"><span class='ocrx_word' id='word_1_12' title='bbox 486 501 741 573; x_wconf 86' lang='lat' dir='ltr'>apparet</span> <span class='ocrx_word' id='word_1_13' title='bbox 787 515 860 552; x_wconf 80' lang='lat' dir='ltr'>ex</span> <span class='ocrx_word' id='word_1_14' title='bbox 906 493 997 566; x_wconf 90' lang='lat' dir='ltr'>iis,</span> <span class='ocrx_word' id='word_1_15' title='bbox 1047 514 1200 570; x_wconf 87' lang='lat' dir='ltr'>quae</span> <span class='ocrx_word' id='word_1_16' title='bbox 1246 493 1309 552; x_wconf 90' lang='lat' dir='ltr'>in</span> <span class='ocrx_word' id='word_1_17' title='bbox 1357 493 1615 571; x_wconf 80' lang='lat' dir='ltr'>epistula</span> <span class='ocrx_word' id='word_1_18' title='bbox 1661 494 1765 551; x_wconf 90' lang='lat' dir='ltr'>illa</span> <span class='ocrx_word' id='word_1_19' title='bbox 1798 492 2090 551; x_wconf 84' lang='lat' dir='ltr'>Columba</span> <span class='ocrx_word' id='word_1_20' title='bbox 2130 492 2426 570; x_wconf 82' lang='lat' dir='ltr'>Gregorio</span> <span class='ocrx_word' id='word_1_21' title='bbox 2470 494 2749 571; x_wconf 78' lang='lat' dir='ltr'>scripsit,</span> 
     </span>
     <span class='ocr_line' id='line_1_6' title="bbox 484 582 2748 660; baseline -0.001 -19"><span class='ocrx_word' id='word_1_22' title='bbox 484 583 834 652; x_wconf 85' lang='lat' dir='ltr'>Columbam</span> <span class='ocrx_word' id='word_1_23' title='bbox 882 584 958 641; x_wconf 88' lang='lat' dir='ltr'>ab</span> <span class='ocrx_word' id='word_1_24' title='bbox 992 582 1264 641; x_wconf 89' lang='lat' dir='ltr'>omnibus</span> <span class='ocrx_word' id='word_1_25' title='bbox 1297 583 1528 641; x_wconf 81' lang='lat' dir='ltr'>clericis</span> <span class='ocrx_word' id='word_1_26' title='bbox 1565 618 1640 626; x_wconf 93' lang='lat'>—</span> <span class='ocrx_word' id='word_1_27' title='bbox 1678 603 1753 640; x_wconf 90' lang='lat' dir='ltr'>ne</span> <span class='ocrx_word' id='word_1_28' title='bbox 1783 582 2133 640; x_wconf 87' lang='lat' dir='ltr'>inferiorum</span> <span class='ocrx_word' id='word_1_29' title='bbox 2164 583 2404 658; x_wconf 86' lang='lat' dir='ltr'>quidem</span> <span class='ocrx_word' id='word_1_30' title='bbox 2435 582 2748 660; x_wconf 84' lang='lat' dir='ltr'>graduum</span> 
     </span>
     <span class='ocr_line' id='line_1_7' title="bbox 483 671 2745 748; baseline 0 -19"><span class='ocrx_word' id='word_1_31' title='bbox 483 671 711 731; x_wconf 85' lang='lat' dir='ltr'>clericis</span> <span class='ocrx_word' id='word_1_32' title='bbox 758 671 1020 748; x_wconf 87' lang='lat' dir='ltr'>exceptis</span> <span class='ocrx_word' id='word_1_33' title='bbox 1058 701 1134 716; x_wconf 79' lang='lat'>—-·</span> <span class='ocrx_word' id='word_1_34' title='bbox 1163 672 1513 748; x_wconf 80' lang='lat' dir='ltr'>postulasse,</span> <span class='ocrx_word' id='word_1_35' title='bbox 1560 678 1629 729; x_wconf 92' lang='lat' dir='ltr'>ut</span> <span class='ocrx_word' id='word_1_36' title='bbox 1676 671 1735 728; x_wconf 93' lang='lat' dir='ltr'>in</span> <span class='ocrx_word' id='word_1_37' title='bbox 1785 671 2083 729; x_wconf 87' lang='lat' dir='ltr'>caelibatu</span> <span class='ocrx_word' id='word_1_38' title='bbox 2128 671 2413 730; x_wconf 83' lang='lat' dir='ltr'>viverent.</span> <span class='ocrx_word' id='word_1_39' title='bbox 2490 671 2745 729; x_wconf 81' lang='lat' dir='ltr'>Diserte</span> 
     </span>
     <span class='ocr_line' id='line_1_8' title="bbox 482 759 2746 837; baseline 0 -19"><span class='ocrx_word' id='word_1_40' title='bbox 482 760 638 821; x_wconf 86' lang='lat' dir='ltr'>enim</span> <span class='ocrx_word' id='word_1_41' title='bbox 685 761 812 837; x_wconf 89' lang='lat' dir='ltr'>ipse</span> <span class='ocrx_word' id='word_1_42' title='bbox 860 760 1186 819; x_wconf 84' lang='lat' dir='ltr'>affirmavit</span> <span class='ocrx_word' id='word_1_43' title='bbox 1232 760 1295 818; x_wconf 91' lang='lat' dir='ltr'>in</span> <span class='ocrx_word' id='word_1_44' title='bbox 1340 760 1569 818; x_wconf 86' lang='lat' dir='ltr'>clericis</span> <span class='ocrx_word' id='word_1_45' title='bbox 1615 760 1975 820; x_wconf 81' lang='lat' dir='ltr'>adulterium</span> <span class='ocrx_word' id='word_1_46' title='bbox 2021 780 2152 818; x_wconf 90' lang='lat' dir='ltr'>cum</span> <span class='ocrx_word' id='word_1_47' title='bbox 2199 759 2483 818; x_wconf 86' lang='lat' dir='ltr'>uxoribus</span> <span class='ocrx_word' id='word_1_48' title='bbox 2537 793 2609 803; x_wconf 93' lang='lat'>—-</span> <span class='ocrx_word' id='word_1_49' title='bbox 2665 767 2746 818; x_wconf 90' lang='lat' dir='ltr'>ut</span> 
     </span>
     <span class='ocr_line' id='line_1_9' title="bbox 481 847 2742 927; baseline -0 -20"><span class='ocrx_word' id='word_1_50' title='bbox 481 850 567 909; x_wconf 89' lang='lat' dir='ltr'>ita</span> <span class='ocrx_word' id='word_1_51' title='bbox 613 849 805 908; x_wconf 89' lang='lat' dir='ltr'>dicam</span> <span class='ocrx_word' id='word_1_52' title='bbox 852 849 1204 908; x_wconf 82' lang='lat' dir='ltr'>necessitate</span> <span class='ocrx_word' id='word_1_53' title='bbox 1252 856 1488 907; x_wconf 92' lang='lat' dir='ltr'>coactus</span> <span class='ocrx_word' id='word_1_54' title='bbox 1544 884 1620 893; x_wconf 88' lang='lat'>——-</span> <span class='ocrx_word' id='word_1_55' title='bbox 1672 848 1834 927; x_wconf 88' lang='lat' dir='ltr'>apud</span> <span class='ocrx_word' id='word_1_56' title='bbox 1881 847 2091 907; x_wconf 87' lang='lat' dir='ltr'>Scotos</span> <span class='ocrx_word' id='word_1_57' title='bbox 2137 869 2257 907; x_wconf 89' lang='lat' dir='ltr'>non</span> <span class='ocrx_word' id='word_1_58' title='bbox 2301 848 2547 907; x_wconf 90' lang='lat' dir='ltr'>minoris</span> <span class='ocrx_word' id='word_1_59' title='bbox 2594 868 2742 907; x_wconf 89' lang='lat' dir='ltr'>cen·</span> 
     </span>
     <span class='ocr_line' id='line_1_10' title="bbox 487 937 2738 1015; baseline 0 -20"><span class='ocrx_word' id='word_1_60' title='bbox 487 938 601 996; x_wconf 87' lang='lat' dir='ltr'>seri</span> <span class='ocrx_word' id='word_1_61' title='bbox 646 937 927 997; x_wconf 89' lang='lat' dir='ltr'>facinoris</span> <span class='ocrx_word' id='word_1_62' title='bbox 961 958 1138 1015; x_wconf 87' lang='lat' dir='ltr'>quam</span> <span class='ocrx_word' id='word_1_63' title='bbox 1171 937 1532 997; x_wconf 82' lang='lat' dir='ltr'>adulterium</span> <span class='ocrx_word' id='word_1_64' title='bbox 1579 957 1711 995; x_wconf 93' lang='lat' dir='ltr'>cum</span> <span class='ocrx_word' id='word_1_65' title='bbox 1743 938 1940 1015; x_wconf 89' lang='lat' dir='ltr'>puella</span> <span class='ocrx_word' id='word_1_66' title='bbox 1972 937 2232 1014; x_wconf 89' lang='lat' dir='ltr'>quadam</span> <span class='ocrx_word' id='word_1_67' title='bbox 2260 937 2738 1014; x_wconf 85' lang='lat' dir='ltr'>perpetratum.¹</span> 
     </span>
    </p>

    <p class='ocr_par' dir='ltr' id='par_1_5' title="bbox 476 1025 2745 2168">
     <span class='ocr_line' id='line_1_11' title="bbox 660 1025 2741 1103; baseline -0 -19"><span class='ocrx_word' id='word_1_68' title='bbox 660 1027 827 1100; x_wconf 79' lang='lat' dir='ltr'>Quae</span> <span class='ocrx_word' id='word_1_69' title='bbox 873 1046 1004 1084; x_wconf 91' lang='lat' dir='ltr'>cum</span> <span class='ocrx_word' id='word_1_70' title='bbox 1049 1027 1137 1085; x_wconf 88' lang='lat' dir='ltr'>ita</span> <span class='ocrx_word' id='word_1_71' title='bbox 1183 1026 1319 1099; x_wconf 88' lang='lat' dir='ltr'>sint,</span> <span class='ocrx_word' id='word_1_72' title='bbox 1368 1047 1484 1103; x_wconf 92' lang='lat' dir='ltr'>quo</span> <span class='ocrx_word' id='word_1_73' title='bbox 1533 1026 1764 1084; x_wconf 86' lang='lat' dir='ltr'>facilius</span> <span class='ocrx_word' id='word_1_74' title='bbox 1810 1032 1902 1084; x_wconf 93' lang='lat' dir='ltr'>est</span> <span class='ocrx_word' id='word_1_75' title='bbox 1943 1026 2183 1099; x_wconf 82' lang='lat' dir='ltr'>diluere,</span> <span class='ocrx_word' id='word_1_76' title='bbox 2231 1046 2384 1102; x_wconf 92' lang='lat' dir='ltr'>quae</span> <span class='ocrx_word' id='word_1_77' title='bbox 2415 1025 2741 1084; x_wconf 81' lang='lat' dir='ltr'>Ebrardus</span> 
     </span>
     <span class='ocr_line' id='line_1_12' title="bbox 479 1114 2742 1193; baseline -0.001 -19"><span class='ocrx_word' id='word_1_78' title='bbox 479 1115 731 1192; x_wconf 89' lang='lat' dir='ltr'>protulit</span> <span class='ocrx_word' id='word_1_79' title='bbox 761 1115 838 1173; x_wconf 86' lang='lat' dir='ltr'>ad</span> <span class='ocrx_word' id='word_1_80' title='bbox 870 1114 1332 1174; x_wconf 88' lang='lat' dir='ltr'>confirmandam</span> <span class='ocrx_word' id='word_1_81' title='bbox 1377 1135 1543 1173; x_wconf 89' lang='lat' dir='ltr'>suam</span> <span class='ocrx_word' id='word_1_82' title='bbox 1592 1114 1931 1193; x_wconf 87' lang='lat' dir='ltr'>opinionem</span> <span class='ocrx_word' id='word_1_83' title='bbox 1964 1116 2060 1191; x_wconf 90' lang='lat' dir='ltr'>(cf.</span> <span class='ocrx_word' id='word_1_84' title='bbox 2086 1114 2361 1191; x_wconf 87' lang='lat' dir='ltr'>Loening</span> <span class='ocrx_word' id='word_1_85' title='bbox 2392 1114 2481 1189; x_wconf 89' lang='lat' dir='ltr'>II,</span> <span class='ocrx_word' id='word_1_86' title='bbox 2514 1136 2571 1192; x_wconf 88' lang='lat' dir='ltr'>p.</span> <span class='ocrx_word' id='word_1_87' title='bbox 2598 1115 2742 1172; x_wconf 82' lang='lat'>428</span> 
     </span>
     <span class='ocr_line' id='line_1_13' title="bbox 480 1203 2742 1281; baseline 0 -20"><span class='ocrx_word' id='word_1_88' title='bbox 480 1208 601 1262; x_wconf 91' lang='lat' dir='ltr'>not.</span> <span class='ocrx_word' id='word_1_89' title='bbox 640 1205 719 1279; x_wconf 94' lang='lat' dir='ltr'>l),</span> <span class='ocrx_word' id='word_1_90' title='bbox 768 1222 837 1261; x_wconf 91' lang='lat' dir='ltr'>eo</span> <span class='ocrx_word' id='word_1_91' title='bbox 882 1204 1072 1280; x_wconf 84' lang='lat' dir='ltr'>magis</span> <span class='ocrx_word' id='word_1_92' title='bbox 1118 1203 1265 1261; x_wconf 89' lang='lat' dir='ltr'>mihi</span> <span class='ocrx_word' id='word_1_93' title='bbox 1309 1211 1650 1281; x_wconf 88' lang='lat' dir='ltr'>pertaesum</span> <span class='ocrx_word' id='word_1_94' title='bbox 1697 1209 1788 1262; x_wconf 91' lang='lat' dir='ltr'>est</span> <span class='ocrx_word' id='word_1_95' title='bbox 1835 1203 1897 1262; x_wconf 89' lang='lat' dir='ltr'>in</span> <span class='ocrx_word' id='word_1_96' title='bbox 1941 1203 2034 1261; x_wconf 90' lang='lat' dir='ltr'>his</span> <span class='ocrx_word' id='word_1_97' title='bbox 2081 1203 2261 1262; x_wconf 89' lang='lat' dir='ltr'>cassis</span> <span class='ocrx_word' id='word_1_98' title='bbox 2307 1223 2548 1281; x_wconf 89' lang='lat' dir='ltr'>operam</span> <span class='ocrx_word' id='word_1_99' title='bbox 2595 1224 2742 1280; x_wconf 89' lang='lat' dir='ltr'>per-</span> 
     </span>
     <span class='ocr_line' id='line_1_14' title="bbox 479 1291 2745 1369; baseline 0 -19"><span class='ocrx_word' id='word_1_100' title='bbox 479 1292 657 1351; x_wconf 74' lang='lat' dir='ltr'>dere.&#39;</span> <span class='ocrx_word' id='word_1_101' title='bbox 696 1292 906 1352; x_wconf 87' lang='lat' dir='ltr'>Nostri</span> <span class='ocrx_word' id='word_1_102' title='bbox 951 1291 1150 1369; x_wconf 90' lang='lat' dir='ltr'>potius</span> <span class='ocrx_word' id='word_1_103' title='bbox 1191 1292 1403 1367; x_wconf 88' lang='lat' dir='ltr'>judicii</span> <span class='ocrx_word' id='word_1_104' title='bbox 1449 1312 1739 1350; x_wconf 89' lang='lat' dir='ltr'>summam</span> <span class='ocrx_word' id='word_1_105' title='bbox 1785 1293 2094 1351; x_wconf 85' lang='lat' dir='ltr'>faciamus:</span> <span class='ocrx_word' id='word_1_106' title='bbox 2143 1298 2380 1352; x_wconf 86' lang='lat' dir='ltr'>tantum</span> <span class='ocrx_word' id='word_1_107' title='bbox 2427 1293 2613 1362; x_wconf 83' lang='lat' dir='ltr'>abest,</span> <span class='ocrx_word' id='word_1_108' title='bbox 2661 1299 2745 1351; x_wconf 87' lang='lat' dir='ltr'>ut</span> 
     </span>
     <span class='ocr_line' id='line_1_15' title="bbox 479 1380 2745 1458; baseline -0.001 -18"><span class='ocrx_word' id='word_1_109' title='bbox 479 1381 834 1440; x_wconf 88' lang='lat' dir='ltr'>testimoniis</span> <span class='ocrx_word' id='word_1_110' title='bbox 895 1380 1306 1440; x_wconf 87' lang='lat' dir='ltr'>confirmatum</span> <span class='ocrx_word' id='word_1_111' title='bbox 1367 1381 1447 1440; x_wconf 88' lang='lat' dir='ltr'>sit</span> <span class='ocrx_word' id='word_1_112' title='bbox 1507 1382 1604 1439; x_wconf 85' lang='lat' dir='ltr'>vel</span> <span class='ocrx_word' id='word_1_113' title='bbox 1665 1381 1844 1440; x_wconf 88' lang='lat' dir='ltr'>etiam</span> <span class='ocrx_word' id='word_1_114' title='bbox 1906 1381 2243 1440; x_wconf 89' lang='lat' dir='ltr'>confirmari</span> <span class='ocrx_word' id='word_1_115' title='bbox 2316 1381 2507 1458; x_wconf 90' lang='lat' dir='ltr'>possit</span> <span class='ocrx_word' id='word_1_116' title='bbox 2568 1381 2745 1458; x_wconf 79' lang='lat' dir='ltr'>apud</span> 
     </span>
     <span class='ocr_line' id='line_1_16' title="bbox 481 1469 2741 1529; baseline -0 -1"><span class='ocrx_word' id='word_1_117' title='bbox 481 1469 691 1529; x_wconf 83' lang='lat' dir='ltr'>Scotos</span> <span class='ocrx_word' id='word_1_118' title='bbox 738 1489 870 1527; x_wconf 93' lang='lat' dir='ltr'>cum</span> <span class='ocrx_word' id='word_1_119' title='bbox 923 1470 988 1527; x_wconf 91' lang='lat' dir='ltr'>in</span> <span class='ocrx_word' id='word_1_120' title='bbox 1032 1469 1352 1529; x_wconf 86' lang='lat' dir='ltr'>Britannia</span> <span class='ocrx_word' id='word_1_121' title='bbox 1398 1477 1461 1529; x_wconf 89' lang='lat' dir='ltr'>et</span> <span class='ocrx_word' id='word_1_122' title='bbox 1506 1469 1802 1528; x_wconf 90' lang='lat' dir='ltr'>Hibernia</span> <span class='ocrx_word' id='word_1_123' title='bbox 1862 1476 1991 1528; x_wconf 90' lang='lat' dir='ltr'>tum</span> <span class='ocrx_word' id='word_1_124' title='bbox 2051 1471 2113 1528; x_wconf 90' lang='lat' dir='ltr'>in</span> <span class='ocrx_word' id='word_1_125' title='bbox 2169 1469 2499 1529; x_wconf 85' lang='lat' dir='ltr'>continenti</span> <span class='ocrx_word' id='word_1_126' title='bbox 2560 1469 2741 1528; x_wconf 89' lang='lat' dir='ltr'>cleri-</span> 
     </span>
     <span class='ocr_line' id='line_1_17' title="bbox 479 1558 2744 1637; baseline 0 -20"><span class='ocrx_word' id='word_1_127' title='bbox 479 1578 683 1617; x_wconf 90' lang='lat' dir='ltr'>corum</span> <span class='ocrx_word' id='word_1_128' title='bbox 730 1558 1108 1616; x_wconf 84' lang='lat' dir='ltr'>matrimonia</span> <span class='ocrx_word' id='word_1_129' title='bbox 1154 1564 1217 1617; x_wconf 90' lang='lat' dir='ltr'>et</span> <span class='ocrx_word' id='word_1_130' title='bbox 1260 1558 1497 1636; x_wconf 88' lang='lat' dir='ltr'>saepius</span> <span class='ocrx_word' id='word_1_131' title='bbox 1544 1558 1790 1617; x_wconf 83' lang='lat' dir='ltr'>inventa</span> <span class='ocrx_word' id='word_1_132' title='bbox 1843 1558 1965 1617; x_wconf 90' lang='lat' dir='ltr'>sint</span> <span class='ocrx_word' id='word_1_133' title='bbox 2020 1565 2082 1617; x_wconf 92' lang='lat' dir='ltr'>et</span> <span class='ocrx_word' id='word_1_134' title='bbox 2125 1559 2322 1616; x_wconf 91' lang='lat' dir='ltr'>minus</span> <span class='ocrx_word' id='word_1_135' title='bbox 2367 1558 2744 1637; x_wconf 81' lang='lat' dir='ltr'>vituperata,</span> 
     </span>
     <span class='ocr_line' id='line_1_18' title="bbox 479 1646 2745 1725; baseline 0 -21"><span class='ocrx_word' id='word_1_136' title='bbox 479 1654 549 1706; x_wconf 90' lang='lat' dir='ltr'>ut</span> <span class='ocrx_word' id='word_1_137' title='bbox 610 1653 819 1705; x_wconf 88' lang='lat' dir='ltr'>contra</span> <span class='ocrx_word' id='word_1_138' title='bbox 878 1647 1058 1705; x_wconf 85' lang='lat' dir='ltr'>liceat</span> <span class='ocrx_word' id='word_1_139' title='bbox 1117 1647 1407 1725; x_wconf 90' lang='lat' dir='ltr'>suspicari</span> <span class='ocrx_word' id='word_1_140' title='bbox 1470 1647 1631 1723; x_wconf 85' lang='lat' dir='ltr'>apud</span> <span class='ocrx_word' id='word_1_141' title='bbox 1692 1646 1926 1720; x_wconf 83' lang='lat' dir='ltr'>Scotos‚</span> <span class='ocrx_word' id='word_1_142' title='bbox 1995 1654 2208 1724; x_wconf 89' lang='lat' dir='ltr'>utpote</span> <span class='ocrx_word' id='word_1_143' title='bbox 2270 1647 2487 1723; x_wconf 90' lang='lat' dir='ltr'>quibus</span> <span class='ocrx_word' id='word_1_144' title='bbox 2549 1647 2745 1705; x_wconf 90' lang='lat' dir='ltr'>etiam</span> 
     </span>
     <span class='ocr_line' id='line_1_19' title="bbox 478 1734 2742 1814; baseline 0.001 -22"><span class='ocrx_word' id='word_1_145' title='bbox 478 1735 668 1813; x_wconf 85' lang='lat' dir='ltr'>magis</span> <span class='ocrx_word' id='word_1_146' title='bbox 714 1755 893 1811; x_wconf 89' lang='lat' dir='ltr'>quam</span> <span class='ocrx_word' id='word_1_147' title='bbox 939 1735 1073 1794; x_wconf 90' lang='lat' dir='ltr'>aliis</span> <span class='ocrx_word' id='word_1_148' title='bbox 1117 1736 1247 1796; x_wconf 76' lang='lat' dir='ltr'>vita</span> <span class='ocrx_word' id='word_1_149' title='bbox 1298 1734 1719 1794; x_wconf 87' lang='lat' dir='ltr'>monachorum</span> <span class='ocrx_word' id='word_1_150' title='bbox 1781 1756 2042 1795; x_wconf 91' lang='lat' dir='ltr'>summae</span> <span class='ocrx_word' id='word_1_151' title='bbox 2103 1736 2486 1814; x_wconf 87' lang='lat' dir='ltr'>perfectionis</span> <span class='ocrx_word' id='word_1_152' title='bbox 2546 1736 2742 1795; x_wconf 82' lang='lat' dir='ltr'>fuerit</span> 
     </span>
     <span class='ocr_line' id='line_1_20' title="bbox 476 1823 2740 1903; baseline 0.001 -22"><span class='ocrx_word' id='word_1_153' title='bbox 476 1823 692 1902; x_wconf 86' lang='lat' dir='ltr'>imago,</span> <span class='ocrx_word' id='word_1_154' title='bbox 740 1831 802 1883; x_wconf 91' lang='lat' dir='ltr'>et</span> <span class='ocrx_word' id='word_1_155' title='bbox 846 1824 1101 1884; x_wconf 79' lang='lat' dir='ltr'>rariores</span> <span class='ocrx_word' id='word_1_156' title='bbox 1146 1825 1327 1884; x_wconf 88' lang='lat' dir='ltr'>fuisse</span> <span class='ocrx_word' id='word_1_157' title='bbox 1375 1823 1636 1897; x_wconf 91' lang='lat' dir='ltr'>clericos,</span> <span class='ocrx_word' id='word_1_158' title='bbox 1684 1824 1787 1901; x_wconf 93' lang='lat' dir='ltr'>qui</span> <span class='ocrx_word' id='word_1_159' title='bbox 1834 1825 1895 1882; x_wconf 91' lang='lat' dir='ltr'>in</span> <span class='ocrx_word' id='word_1_160' title='bbox 1943 1824 2335 1884; x_wconf 89' lang='lat' dir='ltr'>matrimoniis</span> <span class='ocrx_word' id='word_1_161' title='bbox 2383 1825 2479 1882; x_wconf 87' lang='lat' dir='ltr'>vel</span> <span class='ocrx_word' id='word_1_162' title='bbox 2527 1825 2740 1903; x_wconf 88' lang='lat' dir='ltr'>potius</span> 
     </span>
     <span class='ocr_line' id='line_1_21' title="bbox 477 1912 2742 1992; baseline 0.001 -23"><span class='ocrx_word' id='word_1_163' title='bbox 477 1913 541 1970; x_wconf 90' lang='lat' dir='ltr'>in</span> <span class='ocrx_word' id='word_1_164' title='bbox 598 1913 907 1973; x_wconf 85' lang='lat' dir='ltr'>adulteriis</span> <span class='ocrx_word' id='word_1_165' title='bbox 963 1915 1058 1973; x_wconf 83' lang='lat' dir='ltr'>vel</span> <span class='ocrx_word' id='word_1_166' title='bbox 1113 1913 1337 1992; x_wconf 89' lang='lat' dir='ltr'>stupris</span> <span class='ocrx_word' id='word_1_167' title='bbox 1391 1913 1679 1986; x_wconf 82' lang='lat' dir='ltr'>vixerint,</span> <span class='ocrx_word' id='word_1_168' title='bbox 1743 1920 1806 1972; x_wconf 89' lang='lat' dir='ltr'>et</span> <span class='ocrx_word' id='word_1_169' title='bbox 1859 1914 1910 1972; x_wconf 90' lang='lat' dir='ltr'>si</span> <span class='ocrx_word' id='word_1_170' title='bbox 1954 1914 2205 1987; x_wconf 84' lang='lat' dir='ltr'>fuerint,</span> <span class='ocrx_word' id='word_1_171' title='bbox 2235 1939 2240 1944; x_wconf 87' lang='lat'><strong>·</strong></span> <span class='ocrx_word' id='word_1_172' title='bbox 2267 1912 2461 1973; x_wconf 88' lang='lat' dir='ltr'>rarius</span> <span class='ocrx_word' id='word_1_173' title='bbox 2506 1934 2742 1991; x_wconf 85' lang='lat' dir='ltr'>poenas</span> 
     </span>
     <span class='ocr_line' id='line_1_22' title="bbox 479 2000 2739 2081; baseline 0.001 -22"><span class='ocrx_word' id='word_1_174' title='bbox 479 2000 780 2078; x_wconf 85' lang='lat' dir='ltr'>effugisse,</span> <span class='ocrx_word' id='word_1_175' title='bbox 843 2022 1021 2077; x_wconf 90' lang='lat' dir='ltr'>quam</span> <span class='ocrx_word' id='word_1_176' title='bbox 1082 2002 1144 2061; x_wconf 90' lang='lat' dir='ltr'>in</span> <span class='ocrx_word' id='word_1_177' title='bbox 1209 2002 1342 2062; x_wconf 89' lang='lat' dir='ltr'>aliis</span> <span class='ocrx_word' id='word_1_178' title='bbox 1402 2002 1684 2061; x_wconf 87' lang='lat' dir='ltr'>ecclesiae</span> <span class='ocrx_word' id='word_1_179' title='bbox 1742 2003 2015 2081; x_wconf 88' lang='lat' dir='ltr'>partibus</span> <span class='ocrx_word' id='word_1_180' title='bbox 2074 2002 2349 2081; x_wconf 87' lang='lat' dir='ltr'>inprimis</span> <span class='ocrx_word' id='word_1_181' title='bbox 2405 2003 2467 2060; x_wconf 91' lang='lat' dir='ltr'>in</span> <span class='ocrx_word' id='word_1_182' title='bbox 2526 2000 2739 2061; x_wconf 83' lang='lat' dir='ltr'>Gallia</span> 
     </span>
     <span class='ocr_line' id='line_1_23' title="bbox 480 2091 1088 2168; baseline -0.002 -20"><span class='ocrx_word' id='word_1_183' title='bbox 480 2091 579 2165; x_wconf 91' lang='lat' dir='ltr'>(cf.</span> <span class='ocrx_word' id='word_1_184' title='bbox 625 2110 806 2167; x_wconf 90' lang='lat' dir='ltr'>supra</span> <span class='ocrx_word' id='word_1_185' title='bbox 851 2112 925 2168; x_wconf 93' lang='lat' dir='ltr'>p.-</span> <span class='ocrx_word' id='word_1_186' title='bbox 957 2091 1088 2166; x_wconf 81' lang='lat'>82).</span> 
     </span>
    </p>

    <p class='ocr_par' dir='ltr' id='par_1_6' title="bbox 475 2178 2737 2523">
     <span class='ocr_line' id='line_1_24' title="bbox 656 2178 2737 2258; baseline -0 -20"><span class='ocrx_word' id='word_1_187' title='bbox 656 2178 866 2238; x_wconf 86' lang='lat' dir='ltr'>Soluta</span> <span class='ocrx_word' id='word_1_188' title='bbox 911 2178 1100 2255; x_wconf 86' lang='lat' dir='ltr'>igitur</span> <span class='ocrx_word' id='word_1_189' title='bbox 1144 2178 1342 2258; x_wconf 89' lang='lat' dir='ltr'>priore</span> <span class='ocrx_word' id='word_1_190' title='bbox 1388 2199 1592 2237; x_wconf 89' lang='lat' dir='ltr'>earum</span> <span class='ocrx_word' id='word_1_191' title='bbox 1640 2179 2081 2256; x_wconf 87' lang='lat' dir='ltr'>quaestionum,</span> <span class='ocrx_word' id='word_1_192' title='bbox 2143 2199 2291 2257; x_wconf 89' lang='lat' dir='ltr'>quas</span> <span class='ocrx_word' id='word_1_193' title='bbox 2351 2200 2531 2257; x_wconf 84' lang='lat' dir='ltr'>supra</span> <span class='ocrx_word' id='word_1_194' title='bbox 2573 2199 2737 2256; x_wconf 87' lang='lat' dir='ltr'>pro·</span> 
     </span>
     <span class='ocr_line' id='line_1_25' title="bbox 476 2267 2736 2345; baseline 0.001 -20"><span class='ocrx_word' id='word_1_195' title='bbox 476 2287 805 2345; x_wconf 91' lang='lat' dir='ltr'>posueram,</span> <span class='ocrx_word' id='word_1_196' title='bbox 851 2288 1007 2326; x_wconf 92' lang='lat' dir='ltr'>nunc</span> <span class='ocrx_word' id='word_1_197' title='bbox 1047 2268 1124 2327; x_wconf 90' lang='lat' dir='ltr'>ad</span> <span class='ocrx_word' id='word_1_198' title='bbox 1156 2269 1404 2327; x_wconf 86' lang='lat' dir='ltr'>alteram</span> <span class='ocrx_word' id='word_1_199' title='bbox 1436 2267 1744 2327; x_wconf 88' lang='lat' dir='ltr'>venientes</span> <span class='ocrx_word' id='word_1_200' title='bbox 1776 2287 2148 2344; x_wconf 86' lang='lat' dir='ltr'>quaeramus,</span> <span class='ocrx_word' id='word_1_201' title='bbox 2193 2288 2334 2327; x_wconf 89' lang='lat' dir='ltr'>num</span> <span class='ocrx_word' id='word_1_202' title='bbox 2382 2268 2500 2326; x_wconf 91' lang='lat' dir='ltr'>alia</span> <span class='ocrx_word' id='word_1_203' title='bbox 2544 2268 2736 2344; x_wconf 83' lang='lat' dir='ltr'>fuerit</span> 
     </span>
     <span class='ocr_line' id='line_1_26' title="bbox 475 2356 2734 2434; baseline 0 -21"><span class='ocrx_word' id='word_1_204' title='bbox 475 2357 639 2434; x_wconf 89' lang='lat' dir='ltr'>apud</span> <span class='ocrx_word' id='word_1_205' title='bbox 670 2356 993 2416; x_wconf 83' lang='lat' dir='ltr'>Columbae</span> <span class='ocrx_word' id='word_1_206' title='bbox 1039 2357 1229 2417; x_wconf 89' lang='lat' dir='ltr'>socios</span> <span class='ocrx_word' id='word_1_207' title='bbox 1260 2356 1389 2415; x_wconf 87' lang='lat' dir='ltr'>vita</span> <span class='ocrx_word' id='word_1_208' title='bbox 1432 2356 1777 2416; x_wconf 88' lang='lat' dir='ltr'>monachica</span> <span class='ocrx_word' id='word_1_209' title='bbox 1823 2362 2004 2434; x_wconf 90' lang='lat' dir='ltr'>atque</span> <span class='ocrx_word' id='word_1_210' title='bbox 2049 2358 2113 2415; x_wconf 91' lang='lat' dir='ltr'>in</span> <span class='ocrx_word' id='word_1_211' title='bbox 2157 2357 2436 2417; x_wconf 82' lang='lat' dir='ltr'>universa</span> <span class='ocrx_word' id='word_1_212' title='bbox 2484 2357 2734 2416; x_wconf 83' lang='lat' dir='ltr'>ecclesia</span> 
     </span>
     <span class='ocr_line' id='line_1_27' title="bbox 478 2444 2668 2523; baseline 0.001 -21"><span class='ocrx_word' id='word_1_213' title='bbox 478 2451 540 2503; x_wconf 92' lang='lat' dir='ltr'>et</span> <span class='ocrx_word' id='word_1_214' title='bbox 587 2445 731 2522; x_wconf 88' lang='lat' dir='ltr'>quid</span> <span class='ocrx_word' id='word_1_215' title='bbox 777 2445 851 2504; x_wconf 89' lang='lat' dir='ltr'>de</span> <span class='ocrx_word' id='word_1_216' title='bbox 898 2446 1318 2505; x_wconf 90' lang='lat' dir='ltr'>monachorum</span> <span class='ocrx_word' id='word_1_217' title='bbox 1365 2444 1491 2503; x_wconf 85' lang='lat' dir='ltr'>vita</span> <span class='ocrx_word' id='word_1_218' title='bbox 1539 2445 1667 2523; x_wconf 90' lang='lat' dir='ltr'>ipse</span> <span class='ocrx_word' id='word_1_219' title='bbox 1713 2447 1993 2505; x_wconf 88' lang='lat' dir='ltr'>statuerit</span> <span class='ocrx_word' id='word_1_220' title='bbox 2037 2446 2343 2505; x_wconf 85' lang='lat' dir='ltr'>Columba.</span> <span class='ocrx_word' id='word_1_221' title='bbox 2663 2469 2668 2474; x_wconf 90' lang='lat'><strong>·</strong></span> 
     </span>
    </p>

    <p class='ocr_par' dir='ltr' id='par_1_7' title="bbox 469 2533 2740 3766">
     <span class='ocr_line' id='line_1_28' title="bbox 652 2533 2734 2612; baseline 0.001 -21"><span class='ocrx_word' id='word_1_222' title='bbox 652 2533 789 2592; x_wconf 88' lang='lat' dir='ltr'>Hoc</span> <span class='ocrx_word' id='word_1_223' title='bbox 834 2534 1076 2593; x_wconf 88' lang='lat' dir='ltr'>tandem</span> <span class='ocrx_word' id='word_1_224' title='bbox 1133 2536 1262 2593; x_wconf 91' lang='lat' dir='ltr'>loco</span> <span class='ocrx_word' id='word_1_225' title='bbox 1319 2533 1685 2592; x_wconf 84' lang='lat' dir='ltr'>inveniemus</span> <span class='ocrx_word' id='word_1_226' title='bbox 1745 2536 2032 2594; x_wconf 88' lang='lat' dir='ltr'>nonnulla</span> <span class='ocrx_word' id='word_1_227' title='bbox 2078 2534 2391 2594; x_wconf 84' lang='lat' dir='ltr'>Scotorum</span> <span class='ocrx_word' id='word_1_228' title='bbox 2452 2534 2734 2612; x_wconf 56' lang='lat' dir='ltr'>proprian</span> 
     </span>
     <span class='ocr_line' id='line_1_29' title="bbox 476 2620 2733 2696; baseline 0 -16"><span class='ocrx_word' id='word_1_229' title='bbox 476 2620 790 2681; x_wconf 83' lang='lat' dir='ltr'>Scotorum</span> <span class='ocrx_word' id='word_1_230' title='bbox 836 2622 994 2695; x_wconf 79' lang='lat' dir='ltr'>dico,</span> <span class='ocrx_word' id='word_1_231' title='bbox 1056 2642 1175 2681; x_wconf 93' lang='lat' dir='ltr'>non</span> <span class='ocrx_word' id='word_1_232' title='bbox 1231 2621 1405 2681; x_wconf 90' lang='lat' dir='ltr'>unius</span> <span class='ocrx_word' id='word_1_233' title='bbox 1451 2622 1803 2696; x_wconf 87' lang='lat' dir='ltr'>Columbae,</span> <span class='ocrx_word' id='word_1_234' title='bbox 1864 2644 2002 2682; x_wconf 86' lang='lat' dir='ltr'>nam</span> <span class='ocrx_word' id='word_1_235' title='bbox 2060 2643 2194 2682; x_wconf 89' lang='lat' dir='ltr'>cum</span> <span class='ocrx_word' id='word_1_236' title='bbox 2242 2622 2534 2683; x_wconf 86' lang='lat' dir='ltr'>Columba</span> <span class='ocrx_word' id='word_1_237' title='bbox 2589 2626 2733 2681; x_wconf 80' lang='lat' dir='ltr'>con-</span> 
     </span>
     <span class='ocr_line' id='line_1_30' title="bbox 475 2708 2740 2812; baseline 0.001 -45"><span class='ocrx_word' id='word_1_238' title='bbox 475 2710 719 2771; x_wconf 87' lang='lat' dir='ltr'>fiteatur</span> <span class='ocrx_word' id='word_1_239' title='bbox 764 2731 826 2770; x_wconf 91' lang='lat' dir='ltr'>se</span> <span class='ocrx_word' id='word_1_240' title='bbox 870 2731 1125 2812; x_wconf 88' lang='lat' dir='ltr'>suosque</span> <span class='ocrx_word' id='word_1_241' title='bbox 1169 2730 1302 2770; x_wconf 79' lang='lat' dir='ltr'>cum</span> <span class='ocrx_word' id='word_1_242' title='bbox 1347 2729 1593 2769; x_wconf 70' lang='lat' dir='ltr'>morum</span> <span class='ocrx_word' id='word_1_243' title='bbox 1636 2708 1852 2792; x_wconf 69' lang='lat' dir='ltr'>requlia</span> <span class='ocrx_word' id='word_1_244' title='bbox 1896 2730 2132 2770; x_wconf 77' lang='lat' dir='ltr'>manere</span> <span class='ocrx_word' id='word_1_245' title='bbox 2176 2710 2469 2772; x_wconf 77' lang='lat' dir='ltr'>seniorum</span> <span class='ocrx_word' id='word_1_246' title='bbox 2515 2714 2633 2789; x_wconf 88' lang='lat' dir='ltr'>(ep.</span> <span class='ocrx_word' id='word_1_247' title='bbox 2672 2714 2732 2785; x_wconf 90' lang='lat'>1,</span> <span class='ocrx_word' id='word_1_248' title='bbox 2733 2741 2740 2746; x_wconf 88' lang='lat'><em>·</em></span> 
     </span>
     <span class='ocr_line' id='line_1_31' title="bbox 475 2799 2731 2877; baseline 0.001 -20"><span class='ocrx_word' id='word_1_249' title='bbox 475 2821 533 2876; x_wconf 91' lang='lat' dir='ltr'>p.</span> <span class='ocrx_word' id='word_1_250' title='bbox 585 2801 669 2857; x_wconf 80' lang='lat'>24</span> <span class='ocrx_word' id='word_1_251' title='bbox 710 2799 815 2876; x_wconf 77' lang='lat' dir='ltr'>F),</span> <span class='ocrx_word' id='word_1_252' title='bbox 886 2800 1110 2875; x_wconf 87' lang='lat' dir='ltr'>omnia,</span> <span class='ocrx_word' id='word_1_253' title='bbox 1181 2819 1331 2877; x_wconf 87' lang='lat' dir='ltr'>quae</span> <span class='ocrx_word' id='word_1_254' title='bbox 1392 2801 1555 2877; x_wconf 89' lang='lat' dir='ltr'>apud</span> <span class='ocrx_word' id='word_1_255' title='bbox 1617 2800 1966 2859; x_wconf 85' lang='lat' dir='ltr'>Columbam</span> <span class='ocrx_word' id='word_1_256' title='bbox 2026 2800 2441 2873; x_wconf 82' lang='lat' dir='ltr'>inveniuntur,</span> <span class='ocrx_word' id='word_1_257' title='bbox 2508 2800 2731 2860; x_wconf 86' lang='lat' dir='ltr'>similia</span> 
     </span>
     <span class='ocr_line' id='line_1_32' title="bbox 474 2887 2730 2966; baseline 0.001 -21"><span class='ocrx_word' id='word_1_258' title='bbox 474 2887 655 2946; x_wconf 88' lang='lat' dir='ltr'>fuisse</span> <span class='ocrx_word' id='word_1_259' title='bbox 701 2888 765 2945; x_wconf 90' lang='lat' dir='ltr'>in</span> <span class='ocrx_word' id='word_1_260' title='bbox 811 2888 1109 2948; x_wconf 90' lang='lat' dir='ltr'>Hibernia</span> <span class='ocrx_word' id='word_1_261' title='bbox 1152 2888 1441 2966; x_wconf 81' lang='lat' dir='ltr'>neglectis</span> <span class='ocrx_word' id='word_1_262' title='bbox 1487 2887 1749 2947; x_wconf 80' lang='lat' dir='ltr'>Ebrardi</span> <span class='ocrx_word' id='word_1_263' title='bbox 1793 2891 1996 2949; x_wconf 83' lang='lat' dir='ltr'>verbis</span> <span class='ocrx_word' id='word_1_264' title='bbox 2043 2892 2127 2966; x_wconf 89' lang='lat' dir='ltr'>(p.</span> <span class='ocrx_word' id='word_1_265' title='bbox 2174 2889 2296 2948; x_wconf 83' lang='lat'>153</span> <span class='ocrx_word' id='word_1_266' title='bbox 2344 2895 2469 2948; x_wconf 90' lang='lat' dir='ltr'>not.</span> <span class='ocrx_word' id='word_1_267' title='bbox 2511 2890 2604 2948; x_wconf 78' lang='lat'>64</span> <span class='ocrx_word' id='word_1_268' title='bbox 2653 2891 2730 2949; x_wconf 89' lang='lat' dir='ltr'>cf.</span> 
     </span>
     <span class='ocr_line' id='line_1_33' title="bbox 474 2976 2730 3056; baseline 0.002 -23"><span class='ocrx_word' id='word_1_269' title='bbox 474 2998 532 3054; x_wconf 92' lang='lat' dir='ltr'>p.</span> <span class='ocrx_word' id='word_1_270' title='bbox 588 2976 730 3049; x_wconf 90' lang='lat'>147,</span> <span class='ocrx_word' id='word_1_271' title='bbox 777 2982 898 3035; x_wconf 87' lang='lat' dir='ltr'>not.</span> <span class='ocrx_word' id='word_1_272' title='bbox 949 2977 1058 3054; x_wconf 85' lang='lat'>57)</span> <span class='ocrx_word' id='word_1_273' title='bbox 1106 2977 1525 3055; x_wconf 89' lang='lat' dir='ltr'>suspicandum</span> <span class='ocrx_word' id='word_1_274' title='bbox 1573 2983 1679 3037; x_wconf 90' lang='lat' dir='ltr'>est.</span> <span class='ocrx_word' id='word_1_275' title='bbox 1770 2977 1997 3037; x_wconf 86' lang='lat' dir='ltr'>Eorum</span> <span class='ocrx_word' id='word_1_276' title='bbox 2045 2979 2283 3055; x_wconf 88' lang='lat' dir='ltr'>quidem</span> <span class='ocrx_word' id='word_1_277' title='bbox 2330 2978 2559 3056; x_wconf 91' lang='lat' dir='ltr'>opinio,</span> <span class='ocrx_word' id='word_1_278' title='bbox 2622 2980 2730 3055; x_wconf 90' lang='lat' dir='ltr'>qui</span> 
     </span>
     <span class='ocr_line' id='line_1_34' title="bbox 473 3064 2728 3152; baseline 0.001 -29"><span class='ocrx_word' id='word_1_279' title='bbox 473 3070 543 3124; x_wconf 91' lang='lat' dir='ltr'>ut</span> <span class='ocrx_word' id='word_1_280' title='bbox 601 3064 911 3124; x_wconf 86' lang='lat' dir='ltr'>Ebrardus</span> <span class='ocrx_word' id='word_1_281' title='bbox 970 3071 1186 3143; x_wconf 89' lang='lat' dir='ltr'>putant</span> <span class='ocrx_word' id='word_1_282' title='bbox 1245 3065 1405 3144; x_wconf 90' lang='lat' dir='ltr'>apud</span> <span class='ocrx_word' id='word_1_283' title='bbox 1468 3064 1680 3126; x_wconf 86' lang='lat' dir='ltr'>Scotos</span> <span class='ocrx_word' id='word_1_284' title='bbox 1755 3067 1994 3152; x_wconf 80' lang='lat' dir='ltr'>omnino</span> <span class='ocrx_word' id='word_1_285' title='bbox 2062 3066 2251 3126; x_wconf 83' lang='lat' dir='ltr'>vitam</span> <span class='ocrx_word' id='word_1_286' title='bbox 2319 3067 2728 3146; x_wconf 84' lang='lat' dir='ltr'>monachicam</span> 
     </span>
     <span class='ocr_line' id='line_1_35' title="bbox 472 3154 2726 3233; baseline 0.001 -20"><span class='ocrx_word' id='word_1_287' title='bbox 472 3174 716 3233; x_wconf 90' lang='lat' dir='ltr'>prorsus</span> <span class='ocrx_word' id='word_1_288' title='bbox 748 3155 925 3214; x_wconf 87' lang='lat' dir='ltr'>aliam</span> <span class='ocrx_word' id='word_1_289' title='bbox 956 3154 1140 3216; x_wconf 87' lang='lat' dir='ltr'>fuisse</span> <span class='ocrx_word' id='word_1_290' title='bbox 1169 3161 1352 3232; x_wconf 88' lang='lat' dir='ltr'>atque</span> <span class='ocrx_word' id='word_1_291' title='bbox 1384 3154 1547 3228; x_wconf 87' lang='lat' dir='ltr'>alibi,</span> <span class='ocrx_word' id='word_1_292' title='bbox 1596 3175 1919 3231; x_wconf 88' lang='lat' dir='ltr'>numquam</span> <span class='ocrx_word' id='word_1_293' title='bbox 1961 3155 2194 3215; x_wconf 85' lang='lat' dir='ltr'>facilius</span> <span class='ocrx_word' id='word_1_294' title='bbox 2225 3156 2474 3215; x_wconf 88' lang='lat' dir='ltr'>refutari</span> <span class='ocrx_word' id='word_1_295' title='bbox 2504 3162 2726 3233; x_wconf 84' lang='lat' dir='ltr'>potest,</span> 
     </span>
     <span class='ocr_line' id='line_1_36' title="bbox 472 3242 2724 3323; baseline 0.001 -21"><span class='ocrx_word' id='word_1_296' title='bbox 472 3264 652 3321; x_wconf 90' lang='lat' dir='ltr'>quam</span> <span class='ocrx_word' id='word_1_297' title='bbox 698 3244 809 3302; x_wconf 91' lang='lat' dir='ltr'>hoc</span> <span class='ocrx_word' id='word_1_298' title='bbox 854 3245 985 3323; x_wconf 83' lang='lat' dir='ltr'>ipso</span> <span class='ocrx_word' id='word_1_299' title='bbox 1032 3246 1177 3318; x_wconf 90' lang='lat' dir='ltr'>loco,</span> <span class='ocrx_word' id='word_1_300' title='bbox 1224 3243 1329 3302; x_wconf 89' lang='lat' dir='ltr'>ubi</span> <span class='ocrx_word' id='word_1_301' title='bbox 1375 3243 1449 3302; x_wconf 87' lang='lat' dir='ltr'>de</span> <span class='ocrx_word' id='word_1_302' title='bbox 1479 3242 1772 3303; x_wconf 82' lang='lat' dir='ltr'>Columba</span> <span class='ocrx_word' id='word_1_303' title='bbox 1816 3244 2030 3321; x_wconf 84' lang='lat' dir='ltr'>agitur.</span> <span class='ocrx_word' id='word_1_304' title='bbox 2094 3245 2271 3319; x_wconf 76' lang='lat' dir='ltr'>Quod</span> <span class='ocrx_word' id='word_1_305' title='bbox 2299 3251 2369 3303; x_wconf 91' lang='lat' dir='ltr'>ut</span> <span class='ocrx_word' id='word_1_306' title='bbox 2400 3244 2724 3318; x_wconf 87' lang='lat' dir='ltr'>videamus,</span> 
     </span>
     <span class='ocr_line' id='line_1_37' title="bbox 472 3332 2721 3409; baseline 0.001 -20"><span class='ocrx_word' id='word_1_307' title='bbox 472 3338 653 3390; x_wconf 89' lang='lat' dir='ltr'>antea</span> <span class='ocrx_word' id='word_1_308' title='bbox 698 3332 875 3391; x_wconf 87' lang='lat' dir='ltr'>liceat</span> <span class='ocrx_word' id='word_1_309' title='bbox 921 3352 1230 3408; x_wconf 88' lang='lat' dir='ltr'>quaerere,</span> <span class='ocrx_word' id='word_1_310' title='bbox 1292 3332 1447 3390; x_wconf 89' lang='lat' dir='ltr'>unde</span> <span class='ocrx_word' id='word_1_311' title='bbox 1507 3333 1776 3409; x_wconf 86' lang='lat' dir='ltr'>profecta</span> <span class='ocrx_word' id='word_1_312' title='bbox 1835 3333 1916 3393; x_wconf 90' lang='lat' dir='ltr'>sit</span> <span class='ocrx_word' id='word_1_313' title='bbox 1960 3333 2087 3392; x_wconf 87' lang='lat' dir='ltr'>vita</span> <span class='ocrx_word' id='word_1_314' title='bbox 2132 3332 2492 3392; x_wconf 87' lang='lat' dir='ltr'>monachica.</span> <span class='ocrx_word' id='word_1_315' title='bbox 2585 3332 2721 3407; x_wconf 84' lang='lat' dir='ltr'>Sed,</span> 
     </span>
     <span class='ocr_line' id='line_1_38' title="bbox 473 3418 2723 3499; baseline 0.001 -21"><span class='ocrx_word' id='word_1_316' title='bbox 473 3441 548 3478; x_wconf 90' lang='lat' dir='ltr'>ne</span> <span class='ocrx_word' id='word_1_317' title='bbox 592 3420 654 3477; x_wconf 92' lang='lat' dir='ltr'>in</span> <span class='ocrx_word' id='word_1_318' title='bbox 703 3418 1051 3498; x_wconf 83' lang='lat' dir='ltr'>Aegyptum</span> <span class='ocrx_word' id='word_1_319' title='bbox 1097 3421 1347 3480; x_wconf 84' lang='lat' dir='ltr'>lectores</span> <span class='ocrx_word' id='word_1_320' title='bbox 1394 3421 1705 3494; x_wconf 89' lang='lat' dir='ltr'>deducam,</span> <span class='ocrx_word' id='word_1_321' title='bbox 1752 3420 1962 3480; x_wconf 87' lang='lat' dir='ltr'>timere</span> <span class='ocrx_word' id='word_1_322' title='bbox 2009 3443 2157 3499; x_wconf 91' lang='lat' dir='ltr'>opus</span> <span class='ocrx_word' id='word_1_323' title='bbox 2203 3442 2321 3481; x_wconf 93' lang='lat' dir='ltr'>non</span> <span class='ocrx_word' id='word_1_324' title='bbox 2369 3428 2476 3481; x_wconf 91' lang='lat' dir='ltr'>est.</span> <span class='ocrx_word' id='word_1_325' title='bbox 2566 3419 2723 3495; x_wconf 75' lang='lat' dir='ltr'>Nam</span> 
     </span>
     <span class='ocr_line' id='line_1_39' title="bbox 472 3507 2720 3590; baseline 0.001 -23"><span class='ocrx_word' id='word_1_326' title='bbox 472 3508 577 3568; x_wconf 82' lang='lat' dir='ltr'>vix</span> <span class='ocrx_word' id='word_1_327' title='bbox 621 3509 683 3567; x_wconf 91' lang='lat' dir='ltr'>in</span> <span class='ocrx_word' id='word_1_328' title='bbox 731 3507 1150 3589; x_wconf 85' lang='lat' dir='ltr'>Aegyptorum</span> <span class='ocrx_word' id='word_1_329' title='bbox 1198 3510 1364 3570; x_wconf 88' lang='lat' dir='ltr'>cultu</span> <span class='ocrx_word' id='word_1_330' title='bbox 1409 3530 1478 3568; x_wconf 88' lang='lat' dir='ltr'>ac</span> <span class='ocrx_word' id='word_1_331' title='bbox 1524 3509 1813 3589; x_wconf 85' lang='lat' dir='ltr'>religione</span> <span class='ocrx_word' id='word_1_332' title='bbox 1859 3512 2245 3571; x_wconf 89' lang='lat' dir='ltr'>monachatus</span> <span class='ocrx_word' id='word_1_333' title='bbox 2290 3510 2586 3590; x_wconf 88' lang='lat' dir='ltr'>principia</span> <span class='ocrx_word' id='word_1_334' title='bbox 2630 3510 2720 3569; x_wconf 84' lang='lat' dir='ltr'>in·</span> 
     </span>
     <span class='ocr_line' id='line_1_40' title="bbox 469 3589 2722 3687; baseline 0.002 -31"><span class='ocrx_word' id='word_1_335' title='bbox 469 3597 665 3656; x_wconf 86' lang='lat' dir='ltr'>veniri</span> <span class='ocrx_word' id='word_1_336' title='bbox 723 3617 895 3674; x_wconf 85' lang='lat' dir='ltr'>posse</span> <span class='ocrx_word' id='word_1_337' title='bbox 955 3604 1131 3676; x_wconf 88' lang='lat' dir='ltr'>puto,</span> <span class='ocrx_word' id='word_1_338' title='bbox 1199 3598 1274 3658; x_wconf 89' lang='lat' dir='ltr'>ab</span> <span class='ocrx_word' id='word_1_339' title='bbox 1336 3599 1481 3687; x_wconf 90' lang='lat' dir='ltr'>ipsa</span> <span class='ocrx_word' id='word_1_340' title='bbox 1527 3598 1727 3677; x_wconf 86' lang='lat' dir='ltr'>potius</span> <span class='ocrx_word' id='word_1_341' title='bbox 1787 3589 1904 3659; x_wconf 87' lang='lat' dir='ltr'>fide</span> <span class='ocrx_word' id='word_1_342' title='bbox 1964 3599 2289 3660; x_wconf 85' lang='lat' dir='ltr'>christiana</span> <span class='ocrx_word' id='word_1_343' title='bbox 2351 3617 2539 3676; x_wconf 89' lang='lat' dir='ltr'>eaque</span> <span class='ocrx_word' id='word_1_344' title='bbox 2603 3619 2722 3660; x_wconf 88' lang='lat' dir='ltr'>non</span> 
     </span>
     <span class='ocr_line' id='line_1_41' title="bbox 471 3677 2720 3766; baseline 0.002 -23"><span class='ocrx_word' id='word_1_345' title='bbox 471 3691 632 3744; x_wconf 89' lang='lat' dir='ltr'>recte</span> <span class='ocrx_word' id='word_1_346' title='bbox 665 3685 969 3745; x_wconf 89' lang='lat' dir='ltr'>intellecta</span> <span class='ocrx_word' id='word_1_347' title='bbox 999 3687 1167 3765; x_wconf 87' lang='lat' dir='ltr'>origo</span> <span class='ocrx_word' id='word_1_348' title='bbox 1200 3686 1357 3748; x_wconf 81' lang='lat' dir='ltr'>vitae</span> <span class='ocrx_word' id='word_1_349' title='bbox 1388 3677 1766 3747; x_wconf 79' lang='lat' dir='ltr'>monachicae</span> <span class='ocrx_word' id='word_1_350' title='bbox 1808 3688 2133 3766; x_wconf 89' lang='lat' dir='ltr'>repetenda</span> <span class='ocrx_word' id='word_1_351' title='bbox 2163 3695 2257 3747; x_wconf 91' lang='lat' dir='ltr'>est</span> <span class='ocrx_word' id='word_1_352' title='bbox 2288 3689 2385 3765; x_wconf 78' lang='lat' dir='ltr'>(cf.</span> <span class='ocrx_word' id='word_1_353' title='bbox 2417 3688 2720 3761; x_wconf 62' lang='lat' dir='ltr'>nnn-nack,</span> 
     </span>
    </p>
   </div>
   <div class='ocr_carea' id='block_1_5' title="bbox 471 3768 2722 3859">
    <p class='ocr_par' dir='ltr' id='par_1_8' title="bbox 471 3768 2722 3859">
     <span class='ocr_line' id='line_1_42' title="bbox 471 3768 2722 3859; baseline 0.001 -27"><span class='ocrx_word' id='word_1_354' title='bbox 471 3768 608 3833; x_wconf 73' lang='lat' dir='ltr'>Das</span> <span class='ocrx_word' id='word_1_355' title='bbox 653 3771 1054 3835; x_wconf 65' lang='lat' dir='ltr'>Monchffium.</span> <span class='ocrx_word' id='word_1_356' title='bbox 1096 3810 1180 3821; x_wconf 89' lang='lat'>—-</span> <span class='ocrx_word' id='word_1_357' title='bbox 1211 3771 1367 3835; x_wconf 76' lang='lat' dir='ltr'>Eine</span> <span class='ocrx_word' id='word_1_358' title='bbox 1410 3773 1769 3836; x_wconf 60' lang='lat' dir='ltr'>ldrchenhzlst.</span> <span class='ocrx_word' id='word_1_359' title='bbox 1817 3769 2151 3857; x_wconf 66' lang='lat' dir='ltr'>leeeuny.</span> <span class='ocrx_word' id='word_1_360' title='bbox 2213 3780 2270 3836; x_wconf 86' lang='lat'>2.</span> <span class='ocrx_word' id='word_1_361' title='bbox 2315 3773 2722 3859; x_wconf 77' lang='lat' dir='ltr'>Aufl.1882.</span> 
     </span>
    </p>
   </div>
   <div class='ocr_carea' id='block_1_6' title="bbox 470 3864 2720 3976">
    <p class='ocr_par' dir='ltr' id='par_1_9' title="bbox 470 3864 2720 3976">
     <span class='ocr_line' id='line_1_43' title="bbox 470 3864 2720 3976; baseline 0.002 -55"><span class='ocrx_word' id='word_1_362' title='bbox 470 3884 529 3942; x_wconf 90' lang='lat' dir='ltr'>p.</span> <span class='ocrx_word' id='word_1_363' title='bbox 571 3864 611 3921; x_wconf 89' lang='lat'>8</span> <span class='ocrx_word' id='word_1_364' title='bbox 654 3865 826 3942; x_wconf 88' lang='lat' dir='ltr'>sqq..)</span> <span class='ocrx_word' id='word_1_365' title='bbox 921 3865 1274 3943; x_wconf 75' lang='lat' dir='ltr'>Quicunque</span> <span class='ocrx_word' id='word_1_366' title='bbox 1320 3865 1478 3924; x_wconf 91' lang='lat' dir='ltr'>enim</span> <span class='ocrx_word' id='word_1_367' title='bbox 1526 3864 1951 3944; x_wconf 88' lang='lat' dir='ltr'>detorquentes</span> <span class='ocrx_word' id='word_1_368' title='bbox 2005 3865 2068 3925; x_wconf 89' lang='lat' dir='ltr'>in</span> <span class='ocrx_word' id='word_1_369' title='bbox 2113 3886 2350 3925; x_wconf 90' lang='lat' dir='ltr'>sensum</span> <span class='ocrx_word' id='word_1_370' title='bbox 2394 3866 2720 3976; x_wconf 82' lang='lat' dir='ltr'>physicum,</span> 
     </span>
    </p>
   </div>
   <div class='ocr_carea' id='block_1_7' title="bbox 474 3989 695 3997">
    <p class='ocr_par' dir='ltr' id='par_1_10' title="bbox 474 3989 695 3997">
     <span class='ocr_line' id='line_1_44' title="bbox 474 3989 695 3997; baseline 0 912"><span class='ocrx_word' id='word_1_371' title='bbox 474 3989 695 3997; x_wconf 95' lang='lat' dir='ltr'> </span> 
     </span>
    </p>
   </div>
   <div class='ocr_carea' id='block_1_8' title="bbox 710 3989 900 3998">
    <p class='ocr_par' dir='ltr' id='par_1_11' title="bbox 710 3989 900 3998">
     <span class='ocr_line' id='line_1_45' title="bbox 710 3989 900 3998; baseline 0 911"><span class='ocrx_word' id='word_1_372' title='bbox 710 3989 900 3998; x_wconf 95' lang='lat' dir='ltr'> </span> 
     </span>
    </p>
   </div>
   <div class='ocr_carea' id='block_1_9' title="bbox 479 4037 2719 4134">
    <p class='ocr_par' dir='ltr' id='par_1_12' title="bbox 479 4037 2719 4134">
     <span class='ocr_line' id='line_1_46' title="bbox 479 4037 2719 4134; baseline 0 -42"><span class='ocrx_word' id='word_1_373' title='bbox 479 4038 755 4092; x_wconf 86' lang='lat' dir='ltr'>Columba</span> <span class='ocrx_word' id='word_1_374' title='bbox 803 4037 1117 4105; x_wconf 85' lang='lat' dir='ltr'>repetenda</span> <span class='ocrx_word' id='word_1_375' title='bbox 1164 4055 1284 4092; x_wconf 87' lang='lat' dir='ltr'>esse</span> <span class='ocrx_word' id='word_1_376' title='bbox 1335 4038 1581 4092; x_wconf 87' lang='lat' dir='ltr'>videtur.</span> <span class='ocrx_word' id='word_1_377' title='bbox 1657 4038 1934 4092; x_wconf 85' lang='lat' dir='ltr'>Attamen</span> <span class='ocrx_word' id='word_1_378' title='bbox 1994 4038 2196 4134; x_wconf 74' lang='lat' dir='ltr'>melius</span> <span class='ocrx_word' id='word_1_379' title='bbox 2244 4042 2332 4120; x_wconf 85' lang='lat' dir='ltr'>est</span> <span class='ocrx_word' id='word_1_380' title='bbox 2376 4038 2719 4092; x_wconf 87' lang='lat' dir='ltr'>testimoniis</span> 
     </span>
    </p>
   </div>
   <div class='ocr_carea' id='block_1_10' title="bbox 476 4108 2715 4235">
    <p class='ocr_par' dir='ltr' id='par_1_13' title="bbox 476 4108 2715 4235">
     <span class='ocr_line' id='line_1_47' title="bbox 476 4108 1637 4174; baseline -0.002 -13"><span class='ocrx_word' id='word_1_381' title='bbox 476 4109 724 4174; x_wconf 85' lang='lat' dir='ltr'>incertis,</span> <span class='ocrx_word' id='word_1_382' title='bbox 766 4109 969 4163; x_wconf 85' lang='lat' dir='ltr'>saltem</span> <span class='ocrx_word' id='word_1_383' title='bbox 1008 4108 1192 4163; x_wconf 82' lang='lat' dir='ltr'>dubiis</span> <span class='ocrx_word' id='word_1_384' title='bbox 1229 4127 1346 4163; x_wconf 89' lang='lat' dir='ltr'>non</span> <span class='ocrx_word' id='word_1_385' title='bbox 1385 4109 1486 4163; x_wconf 88' lang='lat' dir='ltr'>uti.</span> <span class='ocrx_word' id='word_1_386' title='bbox 1634 4155 1637 4159; x_wconf 15' lang='grc' dir='ltr'><strong>Α</strong></span> 
     </span>
     <span class='ocr_line' id='line_1_48' title="bbox 553 4179 2715 4235; baseline 0 -2"><span class='ocrx_word' id='word_1_387' title='bbox 553 4197 559 4203; x_wconf 95' lang='grc'><strong><em>·</em></strong></span> <span class='ocrx_word' id='word_1_388' title='bbox 618 4181 638 4212; x_wconf 84' lang='lat'>¹</span> <span class='ocrx_word' id='word_1_389' title='bbox 677 4180 746 4233; x_wconf 85' lang='grc' dir='ltr'>Ιιι</span> <span class='ocrx_word' id='word_1_390' title='bbox 785 4180 932 4233; x_wconf 85' lang='lat' dir='ltr'>hanc</span> <span class='ocrx_word' id='word_1_391' title='bbox 971 4179 1124 4232; x_wconf 90' lang='lat' dir='ltr'>enim</span> <span class='ocrx_word' id='word_1_392' title='bbox 1160 4181 1501 4234; x_wconf 88' lang='lat' dir='ltr'>sententiam</span> <span class='ocrx_word' id='word_1_393' title='bbox 1528 4180 1701 4233; x_wconf 88' lang='lat' dir='ltr'>verba</span> <span class='ocrx_word' id='word_1_394' title='bbox 1740 4180 1842 4233; x_wconf 87' lang='lat' dir='ltr'>illa</span> <span class='ocrx_word' id='word_1_395' title='bbox 1878 4196 1987 4234; x_wconf 77' lang='lat' dir='ltr'>non</span> <span class='ocrx_word' id='word_1_396' title='bbox 2022 4179 2254 4234; x_wconf 75' lang='lat' dir='ltr'>minoris</span> <span class='ocrx_word' id='word_1_397' title='bbox 2278 4183 2372 4234; x_wconf 83' lang='lat' dir='ltr'>etc.</span> <span class='ocrx_word' id='word_1_398' title='bbox 2402 4181 2557 4234; x_wconf 80' lang='lat' dir='ltr'>dicta</span> <span class='ocrx_word' id='word_1_399' title='bbox 2593 4197 2715 4235; x_wconf 84' lang='lat' dir='ltr'>esse</span> 
     </span>
    </p>
   </div>
   <div class='ocr_carea' id='block_1_11' title="bbox 469 4250 2716 4393">
    <p class='ocr_par' dir='ltr' id='par_1_14' title="bbox 469 4250 2716 4393">
     <span class='ocr_line' id='line_1_49' title="bbox 475 4250 2716 4321; baseline 0 -17"><span class='ocrx_word' id='word_1_400' title='bbox 475 4251 838 4304; x_wconf 84' lang='lat' dir='ltr'>manifestum</span> <span class='ocrx_word' id='word_1_401' title='bbox 892 4255 979 4305; x_wconf 89' lang='lat' dir='ltr'>est</span> <span class='ocrx_word' id='word_1_402' title='bbox 1026 4268 1096 4304; x_wconf 88' lang='lat' dir='ltr'>ex</span> <span class='ocrx_word' id='word_1_403' title='bbox 1144 4250 1289 4305; x_wconf 87' lang='lat' dir='ltr'>libro</span> <span class='ocrx_word' id='word_1_404' title='bbox 1341 4252 1410 4304; x_wconf 89' lang='lat' dir='ltr'>de</span> <span class='ocrx_word' id='word_1_405' title='bbox 1446 4250 1943 4318; x_wconf 86' lang='lat' dir='ltr'>poenitentiarum</span> <span class='ocrx_word' id='word_1_406' title='bbox 1992 4268 2269 4305; x_wconf 87' lang='lat' dir='ltr'>mensura.</span> <span class='ocrx_word' id='word_1_407' title='bbox 2346 4250 2550 4321; x_wconf 87' lang='lat' dir='ltr'>Itaque</span> <span class='ocrx_word' id='word_1_408' title='bbox 2587 4268 2716 4319; x_wconf 89' lang='lat' dir='ltr'>per·</span> 
     </span>
     <span class='ocr_line' id='line_1_50' title="bbox 469 4322 2061 4393; baseline 0.002 -18"><span class='ocrx_word' id='word_1_409' title='bbox 469 4338 664 4391; x_wconf 83' lang='lat' dir='ltr'>peram</span> <span class='ocrx_word' id='word_1_410' title='bbox 703 4323 1085 4392; x_wconf 82' lang='lat' dir='ltr'>suppleretur:</span> <span class='ocrx_word' id='word_1_411' title='bbox 1125 4339 1290 4392; x_wconf 81' lang='lat' dir='ltr'>quam</span> <span class='ocrx_word' id='word_1_412' title='bbox 1325 4322 1474 4391; x_wconf 80' lang='lat' dir='ltr'>apud</span> <span class='ocrx_word' id='word_1_413' title='bbox 1510 4325 1714 4378; x_wconf 70' lang='lat' dir='ltr'>vestros</span> <span class='ocrx_word' id='word_1_414' title='bbox 1750 4322 2061 4393; x_wconf 66' lang='lat' dir='ltr'>mayistroe.</span> 
     </span>
    </p>
   </div>
  </div>
 </body>
</html>
