3025 4909
1133 221 1578 279 ...69-

183 405 433 456 tamen
474 394 811 479 relinquitur
854 418 957 458 nec
999 417 1162 460 mens
1200 417 1240 456 a
1267 395 1600 458 carnalibus
1630 397 1836 458 studete
1866 396 2153 458 alienamv-
2181 398 2423 475 (ibid.)

187 484 558 568 aliquando
588 495 771 548 mente
798 496 991 548 tamen
1008 486 1220 567 patna
1245 483 1588 568 rebimquitur
1616 496 1668 547 et
1694 493 1813 548 noba
1842 505 2085 569 corpore
2114 489 2196 565 (p.
2222 487 2426 564 472).

189 571 562 657 aliquando
618 584 801 636 mente
858 584 910 637 et
965 584 1208 657 empore
1247 584 1314 635 vt
1354 584 1489 635 sunt
1532 573 1620 648 M,
1677 574 1883 657 qtdbas
1924 573 2174 635 dieitur.-
2230 594 2330 635 vos
2372 573 2478 658 qui

192 660 620 745 dereliquistis
674 664 873 725 omnia
912 673 1169 745 propter
1217 684 1312 726 me
1356 672 1454 725 ete.
1517 621 1630 724 M.
1680 667 1768 736 19,
1814 667 1913 736 29,
1958 661 2049 723 vel
2091 662 2212 724 Mc.
2261 667 2349 735 10,
2393 666 2472 724 30

206 754 307 829 (p.
350 753 569 830 472..)
611 750 735 813 .h.i
784 763 916 814 sum.
969 753 1093 815 veri
1137 752 1463 835 pmyrim,
1528 753 1634 835 qui
1683 773 1818 813 cem»
1864 750 2180 833 psalmista
2222 761 2475 833 possunt

201 839 456 901 dicere.-
507 839 758 903 Advena
801 863 933 903 sum
977 842 1142 923 apud
1185 851 1262 914 te,
1307 841 1568 913 domine,
1615 850 1668 902 et
1705 840 2046 922 pereffluas
2090 840 2236 901 eiezoe
2281 857 2474 901 omnes

193 937 437 1009 patres
481 930 609 990 mei.
676 929 1026 992 Multitudes
1070 930 1141 1015 of
1159 928 1252 990 the
1263 927 1521 1014 faithfid
1547 939 1806 992 servants
1835 929 1910 1011 of
1926 927 2018 989 the
2047 926 2242 1002 130νά,
2288 947 2473 990 more-

208 1037 388 1091 over,
439 1017 571 1080 both
616 1019 690 1101 of
722 1017 812 1081 tlte
855 1017 973 1082 Old
1010 1020 1133 1080 and
1161 1015 1319 1081 New
1357 1018 1683 1080 Testamenti
1721 1016 1866 1079 have
1881 1016 2172 1100 perfectly
2202 1017 2475 1080 observed

203 1103 347 1167 this
381 1106 697 1192 profoeable
741 1106 972 1170 counsel
1016 1111 1099 1188 (p.
1147 1110 1320 1187 473).

418 1195 906 1278 Pereqrinaturue
944 1197 1016 1258 de
1044 1196 1244 1258 Scotia
1274 1196 1593 1279 enaviqavit
1622 1205 1684 1258 et
1710 1198 1839 1275 ipse
1870 1196 2161 1257 Columba
2188 1195 2473 1273 (Adamn.

225 1287 288 1359 1,
350 1288 454 1359 11,
500 1308 558 1365 p.
608 1289 780 1365 202).
871 1288 1034 1364 Ergo
1086 1288 1506 1348 monasterium
1551 1287 1800 1346 Hiiense
1853 1285 2129 1363 primitus
2172 1303 2355 1344 unum
2401 1305 2474 1344 ex

207 1375 304 1435 iis
353 1382 506 1450 erat,
554 1396 704 1452 quae
749 1377 1196 1454 peregrinorum
1225 1376 1583 1435 monasteria
1607 1379 1744 1452 jure
1773 1375 2234 1447 nominarentur,
2281 1393 2472 1450 neque

221 1470 450 1543 postea
506 1465 794 1542 gliscente
847 1466 1191 1527 monasterii
1244 1465 1601 1525 auctoritate
1646 1465 1787 1524 talis
1831 1462 2176 1523 monasterii
2220 1462 2474 1541 speciem

213 1554 479 1613 videtur
523 1554 825 1630 abjecisse.

367 1656 372 1662 ’
419 1642 516 1701 En
561 1642 743 1702 habes
788 1644 965 1703 aliam
1010 1661 1262 1716 causam,
1310 1663 1427 1720 qua
1472 1643 1694 1701 factum
1734 1648 1844 1715 est,
1888 1647 1959 1699 ut
1989 1642 2175 1700 abbas
2205 1640 2472 1699 Hiiensis

218 1733 623 1810 presbyterus
684 1751 803 1791 non
864 1732 1172 1811 episcopus
1227 1724 1353 1791 esse
1398 1732 1632 1790 soleret.
1720 1730 1998 1808 Apparet
2042 1730 2250 1803 etiam,
2296 1748 2476 1806 quam

221 1840 494 1898 pravum
552 1821 631 1880 sit
690 1841 763 1879 ex
821 1821 1178 1881 monasterio
1232 1820 1468 1880 Hiiensi
1532 1820 1846 1880 aestimare
1907 1819 2103 1878 omnia
2147 1818 2476 1877 Hiberniae

223 1910 615 1969 monasteria.

419 1998 651 2072 Restat,
697 2005 767 2057 111
810 2000 1123 2077 proferam,
1171 2017 1348 2076 quae’
1367 1998 1558 2075 ipsam
1604 1996 2024 2056 monachorum
2052 1995 2239 2056 vitam
2271 1996 2474 2054 adum-

234 2088 421 2146 brent
450 2122 537 2132 —-
568 2108 637 2146 ac
682 2088 921 2164 quidem
952 2087 1307 2162 Hiiensium,
1351 2105 1487 2146 nam
1535 2087 1607 2145 de
1640 2086 1786 2145 ‘aliis
1824 2085 1906 2144 nil
1941 2091 2188 2157 constat,
2236 2084 2477 2144 dubium

233 2189 386 2235 vero
432 2197 551 2235 non
595 2183 705 2249 est,
754 2178 898 2254 quin
942 2177 1005 2235 111
1051 2177 1126 2237 iis
1162 2175 1493 2235 Hiberniae
1539 2174 1930 2247 monasteriis,
1977 2177 2129 2250 quae
2174 2173 2366 2231 medio
2412 2174 2476 2231 in

229 2266 463 2343 populo
511 2266 839 2325 constituta
885 2272 1071 2339 erant,
1117 2266 1536 2324 monachorum
1581 2264 1709 2323 vita
1753 2263 1986 2322 diversa
2029 2262 2212 2322 fuerit
2257 2263 2332 2321 ab
2364 2262 2476 2320 Hi·

236 2354 509 2412 iensium.
600 2354 720 2414 Sed
781 2375 914 2413 cum
974 2355 1048 2413 de
1105 2355 1232 2413 vita
1288 2354 1706 2415 monachorum
1751 2351 2260 2430 peregrinantium
2304 2350 2478 2422 infra,

228 2442 348 2501 ubi
403 2443 475 2502 de
523 2442 812 2503 Columba
858 2443 1222 2503 Luxoviensi
1276 2449 1513 2519 agetur,
1576 2443 1750 2520 plura
1805 2440 1922 2500 dici
1967 2441 2221 2518 possint,
2285 2439 2373 2498 ibi
2417 2446 2479 2498 et

239 2532 551 2591 verbosius
604 2549 728 2591 rem
783 2532 1092 2611 explicabo
1139 2538 1202 2591 et
1245 2531 1508 2590 Ebrardi
1554 2530 1852 2589 erroribus
1897 2529 2191 2588 diluendis
2236 2541 2476 2606 operam

233 2620 398 2679 dabo
412 2664 426 2694 ,
486 2622 598 2679 1100
650 2623 779 2681 1000
832 2622 1037 2699 paucis
1081 2641 1206 2680 rem
1251 2621 1554 2679 absolvam
1600 2624 1663 2679 et
1708 2640 1777 2679 ea
1823 2619 1948 2677 sola
1992 2617 2476 2689 commemorabo,

235 2729 398 2785 quae
445 2709 647 2785 aliqua
691 2710 765 2767 de
810 2731 986 2769 eausa
1028 2709 1346 2788 conspicua
1391 2729 1517 2770 esse
1561 2707 1892 2769 videntur}
1967 2706 2234 2765 Primum
2280 2711 2479 2765 autem

237 2796 799 2856 commemoratione
844 2798 1087 2876 dignum
1133 2804 1239 2870 est,
1285 2797 1443 2874 quod
1488 2798 1560 2870 ii,
1618 2798 1723 2875 qui
1766 2796 2185 2856 monachorum
2230 2794 2477 2872 collegio

249 2886 522 2946 accedere
569 2886 891 2964 cupiebant
907 2931 922 2960 ‚
984 2906 1102 2946 non
1153 2887 1475 2965 praemisso
1523 2905 1677 2945 anno
1722 2885 2093 2964 probationis
2134 2884 2341 2945 statim
2388 2904 2479 2942 re·

246 2975 635 3054 cipiebantur,
681 2975 1041 3054 simulatque
1071 2977 1135 3035 in
1166 2976 1410 3035 ecclesia
1421 2972 1604 3056 flemis
1630 2973 1866 3055 yenibue
1894 2982 2089 3033 votum
2118 2969 2481 3034 monachide

249 3073 517 3124 voverant
569 3063 852 3139 (Adamn.
908 3066 1013 3125 vit.
1070 3064 1198 3123 Col.
1249 3066 1304 3136 1,
1360 3066 1471 3137 27,
1526 3086 1585 3143 Ρ.
1643 3065 1815 3141 207).
1905 3062 2092 3139 Cujus
2145 3062 2273 3122 voti
2328 3080 2480 3138 quae

234 3153 425 3213 -fuerit
469 3154 577 3227 vis,
625 3153 728 3212 vix
772 3154 1047 3231 cognosci
1089 3157 1308 3232 potest.
1380 3153 1536 3214 Nam
1583 3172 1715 3212 eum
1745 3153 1951 3211 liceret
1980 3151 2282 3210 monachis
2311 3170 2480 3228 pere-

151 3257 158 3262 ·
248 3241 622 3320 ,grinantibus
689 3262 909 3321 paucos
976 3248 1213 3302 tantum
1279 3247 1507 3301 menses
1576 3241 1923 3301 commorari
1988 3241 2053 3298 in
2120 3238 2480 3299 monasterio

258 3331 527 3408 (Adamn.
575 3331 682 3391 vit.
732 3329 858 3390 001.
911 3333 964 3405 1,
1013 3332 1117 3405 87,
1163 3353 1220 3409 Ρ.
1269 3331 1425 3408 229)
1471 3336 1534 3389 et
1576 3330 1722 3408 ipsis
1767 3329 1841 3389 iis
1886 3328 2214 3402 monachis,
2246 3329 2374 3406 ·qui
2417 3328 2481 3386 in

254 3420 603 3479 monasterio
651 3420 887 3481 educati
933 3426 1117 3494 erant,
1154 3416 1520 3500 permittente
1562 3416 1766 3478 abbate
1810 3419 1916 3494 (ib.
1970 3420 2023 3490 1,
2075 3420 2175 3492 10,
2201 3428 2278 3496 Ῥ.
2327 3418 2481 3494 202)

258 3510 616 3588 peregrinari
658 3509 723 3567 in
768 3509 916 3568 alias
958 3509 1259 3586 regiones,
1304 3515 1464 3567 certe
1508 3528 1618 3587 per
1660 3507 1931 3567 fraudem
1976 3506 2109 3566 fieri
2151 3506 2367 3585 potuit,
2414 3510 2483 3564 ut

255 3598 461 3674 aliquis
492 3618 566 3656 ex
595 3598 894 3657 monachis
932 3605 1339 3673 „reverteretur
1368 3595 1452 3657 ad
1479 3593 1810 3656 eaemdum“
1849 3597 1954 3672 (ib.
1991 3598 2046 3669 1,
2080 3597 2184 3668 20,
2215 3616 2273 3673 Ρ.
2308 3593 2482 3672 205).

261 3687 482 3748 Nemini
539 3706 678 3747 vero
739 3687 957 3747 licebat
1002 3686 1303 3746 discedere
1346 3685 1539 3745 invito
1584 3686 1819 3745 abbate.
1910 3685 2110 3761 Hujus
2155 3684 2481 3743 auctoritas

266 3776 407 3852 apud
449 3776 737 3834 familiam
783 3796 949 3835 suam
992 3776 1033 3834 i.
1073 3796 1125 3835 e.
1172 3775 1332 3854 apud
1376 3776 1692 3834 monachos
1738 3794 1890 3847 suos,
1937 3794 2084 3851 quos
2128 3773 2343 3832 fratres
2388 3773 2482 3832 vel

257 3862 399 3922 filios
450 3866 545 3924 vel
601 3863 813 3924 filiolos
858 3866 1205 3944 appellabat
1250 3861 1556 3945 (ffavedssa
1598 3860 1950 3923 'Cohambaffl
2005 3861 2235 3921 Tirech.
2283 3867 2480 3921 annot.

397 4038 417 4069 ²
455 4038 676 4093 Tacebo
717 4038 787 4092 de
823 4038 1021 4105 regula
1059 4037 1366 4092 Columbae
1402 4036 1699 4091 hibernico
1736 4052 1994 4091 sermone
2029 4035 2348 4103 conscripta
2376 4032 2475 4101 (H.

265 4109 366 4164 and
401 4107 480 4164 St.
520 4108 604 4175 ΙΙ,
646 4111 675 4162 1
715 4126 771 4177 p.
813 4109 959 4177 119),
1002 4127 1170 4178 quam
1204 4125 1388 4177 neque
1427 4126 1459 4160 a
1499 4107 1777 4162 Columba
1814 4109 2084 4176 scriptam
2121 4123 2241 4162 esse
2279 4121 2477 4174 neque,

267 4181 463 4250 quippe
501 4197 644 4263 quae
683 4181 753 4234 de
792 4180 911 4233 vita
937 4180 1298 4234 eremitarum
1325 4182 1471 4251 agat,
1512 4179 1587 4232 ad
1613 4179 2055 4233 adumbrandam
2080 4176 2482 4231 monachorum

269 4252 784 4390 ἶ11011112ᾳ11110οὲ10113
799 4252 1071 4305 momenti
1110 4251 1328 4312 afferre,
1368 4249 1730 4304 manifestum
1769 4255 1857 4304 est
1895 4249 1990 4318 (cf.
2019 4248 2095 4302 H.
2137 4248 2249 4302 and
2282 4247 2370 4303 St.
2398 4246 2477 4312 ΙΙ,

329 4341 360 4392 Ρ
552 4340 626 4376 110
710 4339 744 4375 0
