3025 4909
1176 163 1605 225 -43-

210 345 503 404 nomine
535 344 745 403 Ouldei
791 344 1032 403 ineunte
1078 346 1310 402 saeculo
1356 363 1512 402 nono
1545 342 1816 416 viventis,
1863 343 2111 402 eundem
2156 361 2285 404 esse
2330 348 2509 420 atque

213 434 596 494 Patricium
643 435 973 511 apostolum
1017 433 1156 492 inde
1213 434 1446 493 efficere
1501 438 1750 492 conatus
1796 438 1917 507 est,
1981 433 2166 511 quod,
2228 452 2359 491 cum
2408 431 2507 490 Ti-

215 524 555 583 rechanus
609 522 938 581 Patricium
994 542 1148 581 anno
1208 522 1337 580 458
1393 522 1489 581 vel
1546 522 1670 580 461
1730 527 2028 582 mortuum
2086 543 2211 582 esse
2266 526 2511 599 putaret

221 614 306 688 (i.
377 635 430 671 e.
492 613 722 671 duobus
779 614 876 671 vel
937 612 1199 690 quinque
1259 611 1428 672 annis
1487 618 1627 669 ante
1688 610 1936 687 Logairi
1997 611 2155 689 regis
2218 614 2509 688 mortem),

223 701 610 781 posterioris
665 702 949 779 temporis
1006 702 1250 759 annales
1310 701 1386 758 ad
1452 700 1703 758 eundem
1763 721 1982 759 annum
2043 701 2200 760 senis
2259 700 2511 758 Patricii

228 796 516 850 mortem
562 791 856 850 referrent
899 791 1095 868 ipsum
1126 790 1458 849 Patricium
1498 790 1834 866 apostolum
1879 785 2034 848 anno
2084 790 2209 847 492
2260 794 2509 847 mortem

231 867 664 939 obiisse'rati.
759 878 1064 957 Originem
1123 886 1323 939 autem
1380 877 1583 937 variae
1643 878 1804 938 illius
1864 878 2115 938 rationis
2169 880 2231 937 in
2294 877 2508 936 descri-

233 970 462 1028 bendo
508 975 800 1045 tempore,
850 988 968 1046 quo
1014 968 1316 1027 Patricius
1362 973 1630 1026 mortuus
1677 973 1855 1040 esset,
1902 967 2206 1027 adhibitae
2254 966 2509 1027 Skenius

235 1057 399 1116 inde
459 1056 729 1135 repetiit,
800 1058 957 1134 quod
1014 1078 1145 1116 cum
1202 1056 1566 1115 Tirechanus
1625 1057 1706 1114 30
1763 1058 1886 1115 fere
1942 1076 2127 1116 annos
2179 1055 2514 1116 Patricium

239 1147 568 1206 Hibernos
611 1146 878 1205 docuisse
920 1146 1265 1225 putavisset,
1312 1145 1669 1223 posteriores
1713 1146 1875 1205 illius
1920 1146 2205 1224 temporis
2247 1144 2510 1224 spatium

245 1238 341 1294 60
379 1237 480 1295 vel
516 1237 596 1293 72
646 1235 817 1294 annis
864 1236 1122 1294 finirent.
1215 1235 1585 1312 Simulatque
1632 1255 1770 1294 vero
1802 1234 2132 1296 Patricium
2178 1255 2331 1294 anno
2376 1234 2504 1291 492

243 1326 354 1384 vel
405 1325 536 1383 493
587 1330 884 1383 mortuum
930 1344 1055 1383 esse
1104 1323 1267 1384 Scoti
1314 1324 1431 1383 sibi
1484 1324 1943 1401 persuasissent,
2014 1324 2352 1402 opinionem
2411 1342 2507 1381 ex-

246 1414 488 1473 stitisse
533 1413 811 1492 opinatus
857 1418 949 1473 est
994 1412 1276 1485 Skenius,
1314 1413 1591 1471 alterum
1646 1432 1772 1471 esse
1817 1413 2150 1473 Patricium
2205 1412 2308 1490 qui
2353 1432 2507 1470 anno

251 1500 423 1576 458,
484 1503 738 1561 alterum
795 1503 896 1579 qui
951 1523 1105 1561 anno
1155 1502 1282 1559 492
1331 1502 1459 1561 vita
1517 1501 1875 1561 decessisset.
1969 1502 2145 1577 Quod
2191 1521 2322 1560 cum
2368 1505 2509 1559 ante

252 1592 566 1652 saeculum
611 1612 832 1650 nonum
876 1593 1099 1651 factum
1144 1611 1264 1650 non
1311 1610 1437 1649 esse
1483 1591 1786 1669 opinetur,
1852 1593 2084 1668 saeculo
2140 1610 2297 1649 nono
2343 1589 2511 1650 Fieci

252 1682 544 1758 hymnum
593 1680 985 1758 compositum
1032 1701 1156 1740 esse
1204 1680 1448 1739 censuit.

443 1771 615 1829 Haec·
664 1775 796 1829 tota
853 1769 1062 1829 Skenii
1117 1769 1413 1828 sententia
1466 1768 1648 1828 timeo
1705 1790 1779 1827 ne
1841 1769 2110 1846 sagacior
2154 1770 2257 1841 sit,
2331 1790 2508 1846 quam

258 1859 481 1918 verior.
571 1860 727 1920 Nam
783 1860 971 1918 multa
1026 1865 1191 1931 sunt,
1262 1878 1414 1935 quae
1469 1858 1526 1916 ei
1580 1864 1933 1936 repugnent.
2026 1856 2177 1917 Cum
2233 1858 2392 1935 quod
2445 1860 2508 1916 in

258 1948 481 2023 hymno
539 1954 792 2026 uterque
838 1947 1137 2006 Patricius
1191 1947 1397 2006 eodem
1454 1947 1550 2004 die
1605 1953 1872 2007 mortuus
1928 1967 2052 2006 esse
2109 1947 2329 2005 dicitur
2380 1953 2509 2007 tum

262 2037 552 2111 omnium,
600 2038 705 2114 qui
750 2037 1003 2097 Patricii
1047 2036 1332 2096 historiae
1377 2036 1843 2109 subsducuntur,
1902 2037 2258 2095 calculorum
2305 2043 2366 2096 et
2409 2058 2509 2095 va-

263 2126 449 2185 rietas
495 2132 556 2186 et
599 2127 829 2185 incerta
874 2127 1070 2203 origo;
1118 2147 1253 2184 nam
1300 2125 1617 2198 annalium,
1666 2126 1770 2203 qui
1799 2125 2131 2185 Patricium
2177 2145 2332 2184 anno
2381 2127 2508 2184 492

262 2216 361 2274 vel
409 2217 536 2274 493
584 2221 835 2275 mortem
882 2216 1098 2275 obiisse
1143 2216 1428 2287 referunt,
1476 2214 1876 2292 antiquissimi
1920 2216 2154 2273 saeculo
2202 2214 2511 2273 undecimo

267 2310 520 2363 exeunte
566 2304 888 2381 conscripti
934 2310 1073 2363 sunt
1120 2306 1215 2380 (cf.
1265 2302 1518 2376 Schoell,
1564 2326 1621 2382 p.
1659 2304 1740 2361 50
1774 2306 1906 2381 sq.).
1997 2303 2319 2363 Praeterea
2366 2304 2511 2363 mihi

268 2392 625 2471 persuadere
672 2413 791 2452 non
836 2414 1076 2471 possum
1123 2394 1480 2451 calculorum
1523 2393 1874 2452 varietatem
1921 2392 2232 2466 suffecisse,
2278 2399 2348 2452 ut
2394 2393 2510 2452 duo

269 2482 516 2540 Patricii
579 2482 964 2559 fingerentur.
1056 2480 1347 2541 Attamen
1406 2502 1527 2541 non
1588 2482 1823 2541 omnino
1887 2481 2093 2541 Skenii
2154 2482 2511 2560 syntentiam

272 2570 490 2646 rejicio,
537 2571 715 2630 immo
762 2571 1005 2630 maximi
1051 2570 1333 2631 momenti
1380 2591 1507 2631 esse
1553 2576 1702 2649 puto
1748 2571 2107 2630 mentionem
2154 2571 2318 2629 illam
2367 2572 2532 2629 alte--

273 2661 395 2718 rius
454 2658 724 2718 Patricii.
817 2660 934 2719 Sed
1002 2666 1149 2739 puto
1218 2661 1482 2719 fabulam
1552 2661 1719 2719 illam
1789 2659 1862 2718 de
1932 2660 2163 2719 duobus
2231 2659 2512 2719 Patriciis

278 2754 464 2808 ortam
512 2768 630 2806 non
677 2768 826 2821 esse,
873 2748 990 2807 nisi
1036 2750 1403 2822 accessisset,
1452 2750 1611 2827 quod
1658 2750 1731 2807 de
1776 2748 2051 2808 Palladio
2097 2770 2170 2807 ex
2215 2748 2511 2827 Prospero

278 2838 369 2897 vel
411 2837 579 2896 Beda
625 2836 788 2896 Scoti
834 2844 1206 2915 acceperunt.
1269 2838 1484 2915 Itaque
1532 2839 1605 2897 de
1634 2838 1917 2916 Prosperi
1964 2839 2309 2897 narratione
2356 2837 2514 2915 apud

281 2926 482 2986 Scotos
527 2933 768 3003 recepta
817 2927 917 3000 eis,
967 2947 1116 3004 quae
1163 2947 1343 3005 supra
1390 2926 1533 3000 dixi,
1579 2947 1771 3005 pauca
1816 2927 2034 2985 addere
2079 2928 2226 2985 mihi
2270 2927 2467 2986 liceat.

446 3015 541 3073 Ex
587 3015 882 3094 Prospero
928 3017 1024 3075 vel
1069 3015 1237 3074 Beda
1293 3015 1500 3074 Scotos
1559 3017 1632 3074 de
1678 3015 1950 3075 Palladio
2008 3017 2373 3076 auditionem
2419 3037 2513 3075 ac·

282 3105 492 3183 cepisse
549 3104 867 3177 affirmavi,
939 3105 1078 3181 quia
1134 3104 1514 3164 manifestum
1570 3105 1714 3163 mihi
1767 3106 2008 3164 videtur
2064 3126 2189 3165 esse
2245 3125 2512 3164 sermone

284 3199 511 3272 patrum
558 3193 718 3272 apud
765 3191 973 3253 Scotos
1019 3193 1092 3251 de
1138 3192 1411 3252 Palladio
1467 3194 1554 3251 nil
1612 3193 1900 3253 traditum
1948 3214 2091 3253 esse.
2180 3194 2333 3254 Nam
2382 3213 2511 3252 cum

284 3282 542 3341 Muirchu
599 3288 660 3341 et
714 3282 1116 3342 annotationis
1171 3282 1333 3341 illius
1389 3283 1461 3340 de
1517 3282 1782 3341 Patricio
1839 3289 1899 3342 et
1952 3282 2227 3342 Palladio
2290 3288 2512 3356 auctor,

287 3372 382 3449 qui
423 3371 599 3449 primi
643 3371 906 3430 Palladii
953 3371 1311 3430 mentionem
1355 3372 1648 3444 fecerunt,
1709 3372 1782 3429 de
1839 3378 2027 3431 morte
2073 3371 2333 3431 Palladii
2393 3393 2514 3430 non

290 3459 647 3520 consentiant
678 3496 761 3505 —
803 3460 1073 3519 Muirchu
1119 3460 1275 3518 enim
1321 3460 1383 3518 in
1428 3460 1749 3519 Britannia
1794 3467 2090 3519 mortuum
2137 3481 2262 3520 esse
2310 3466 2515 3520 narrat

288 3548 635 3622 Palladium,
703 3550 798 3608 hic
855 3551 1014 3627 apud
1061 3548 1271 3608 Scotos
1317 3549 1667 3625 martyrium
1714 3570 1846 3607 eum
1892 3570 2133 3629 passum
2179 3571 2303 3609 esse
2351 3549 2512 3610 affir-

292 3645 402 3698 mat
437 3671 534 3711 --,
581 3645 833 3716 apparet
876 3639 967 3711 iis,
1016 3659 1169 3715 quae
1214 3638 1620 3697 annotationis
1666 3643 1873 3698 auctor
1916 3639 2092 3697 finxit
2134 3639 2210 3697 de
2258 3639 2515 3712 „sanctis

292 3727 569 3804 antiquis“
624 3728 771 3785 talia
826 3728 898 3786 de
951 3727 1226 3786 Palladio
1289 3728 1694 3804 tradentibus,
1766 3748 1840 3785 ne
1907 3728 2209 3786 minimam
2276 3729 2514 3805 quidem
2631 3779 2638 3784 .

293 3815 446 3873 fidem
506 3836 631 3876 esse
691 3816 1042 3876 habendam.
1134 3816 1632 3875 Luculentissime
1694 3821 1893 3876 autem
1954 3817 2161 3875 eadem
2220 3838 2317 3876 res
2377 3818 2515 3877 inde

296 3903 677 3979 confirmatur,
751 3905 911 3982 quod
967 3906 1184 3964 saeculi
1240 3905 1436 3965 octavi
1489 3905 1860 3983 temporibus
1916 3906 2075 3984 apud
2130 3904 2340 3965 Scotos
2395 3927 2514 3965 non

298 3992 555 4053 videntur
599 3994 872 4067 defuisse,
921 3993 1026 4071 qui
1070 3995 1416 4067 nescientes,
1467 3995 1612 4072 quid
1656 3993 1940 4072 Prosperi
1986 3996 2316 4055 narrationi
2361 3996 2513 4055 face-

296 4087 434 4154 rent,
495 4083 741 4142 eundem
797 4088 1084 4161 putarent
1129 4083 1464 4142 Palladium
1521 4090 1701 4161 atque
1747 4083 2093 4143 Patricium.
2183 4083 2385 4157 Unde,
2446 4092 2516 4144 ut

297 4170 534 4243 videtur,
597 4192 727 4231 cum
782 4173 1008 4231 factum
1064 4178 1242 4245 esset,
1303 4177 1372 4231 ut
1415 4172 1689 4231 Palladio
1737 4193 1950 4232 nomen
1995 4173 2295 4232 Patricius
2339 4174 2514 4233 adde-

298 4267 452 4332 retur,
504 4259 565 4333 ii,
614 4260 718 4337 qui
762 4261 945 4320 alium
984 4261 1337 4336 judicabant
1368 4261 1703 4320 Palladium
1750 4262 1927 4321 alium
1965 4262 2312 4337 Patricium,
2356 4263 2517 4322 inter
