3025 4909
1120 197 1558 260 ...49ss

164 381 385 456 Quid
457 381 694 455 mirum,
766 382 923 458 quod
992 382 1052 440 in
1125 369 1276 442 libro
1338 381 1761 440 Ardmachano
1826 381 1938 440 hoc
2005 381 2133 441 loco
2203 382 2455 460 margini

163 471 545 549 ascriptum
592 477 705 531 est:
751 469 1042 542 „incertus
1069 468 1248 533 libffl
1280 473 1385 548 (H.
1417 471 1536 529 and
1568 470 1654 530 St.
1685 470 1771 544 H,
1807 472 1864 544 2,
1895 493 1954 549 p.
1989 472 2115 529 300
2147 478 2270 531 not.
2308 473 2457 551 15)?

170 561 369 637 quid
414 561 644 634 mirum,
692 561 850 638 quod
895 561 1043 619 illud
1088 579 1201 632 „ex
1244 581 1285 620 a
1333 555 1603 621 Galliaffl
1645 560 1709 619 in
1755 560 1952 619 codice
1998 582 2154 623 mon.
2203 560 2292 621 St.
2338 562 2455 622 Ve-

168 649 403 721 dasti,
468 670 584 727 quo
639 649 965 709 BoHandus
1019 670 1161 709 usus
1218 656 1306 710 est
1363 650 1465 728 (H.
1499 650 1616 708 and
1649 649 1736 709 St.
1768 651 1805 708 1.
1840 651 1942 726 c.),
1989 650 2266 710 omissum
2327 650 2457 710 est?

177 738 453 813 Quodsi
499 740 781 799 nonnulla
827 739 1041 798 omissa
1086 745 1226 799 sunt
1257 775 1337 785 -
1374 760 1566 816 neque
1611 739 1885 798 dubitare
1932 739 2088 813 licet,
2137 741 2282 816 quin
2327 760 2457 817 per-

175 828 412 887 multa
458 829 670 888 omissa
715 829 862 902 sint,
924 849 1060 887 nam
1104 829 1339 908 saepius
1385 829 1449 888 in
1493 829 1648 888 libro
1694 827 2111 890 Ardmachano
2156 830 2460 889 invenitur

179 925 317 989 „et
348 913 609 999 reliqua“
638 918 744 994 (H.
769 917 889 978 and
911 917 999 977 St.
1030 918 1116 991 H,
1152 920 1208 993 2,
1239 940 1297 997 p.
1326 919 1448 977 307
1484 927 1609 977 not.
1636 919 1718 976 28
1745 922 1806 977 et
1831 918 1938 994 31)
1970 953 2067 990 —,
2097 918 2237 977 licet
2267 918 2456 996 suspi-

182 1006 350 1065 cari
395 1007 573 1066 etiam
619 1007 692 1066 de
737 1008 1053 1067 itineribus
1099 1007 1350 1068 Patricii
1393 1028 1501 1086 per
1547 1006 1775 1066 Gallias
1821 1013 2001 1084 atque
2032 1007 2271 1066 Italiam
2316 1008 2456 1067 olim

183 1096 278 1154 in
333 1097 696 1156 confessione
742 1098 984 1176 planum
1031 1118 1100 1155 ac
1147 1099 1371 1156 clarum
1415 1097 1820 1158 testimonium
1864 1096 2129 1176 potuisse
2186 1097 2457 1157 inveniri.

185 1186 376 1247 Nam
432 1186 620 1244 adhuc
678 1186 852 1246 hodie
910 1187 971 1245 in
1026 1187 1173 1265 ipsis
1227 1187 1478 1247 Patricii
1534 1186 1774 1264 scriptis
1834 1206 1951 1245 non
1996 1185 2236 1259 desunt,
2308 1206 2458 1264 quae

191 1275 618 1353 suspicionem
689 1282 968 1336 moveant
1028 1282 1328 1335 auctorem
1395 1276 1458 1335 in
1527 1275 1710 1335 Italia
1778 1276 1961 1337 fuisse
2020 1283 2458 1335 commoratum.

189 1365 460 1438 Nonne,
516 1365 567 1424 si
612 1365 882 1424 audimus
927 1364 1256 1425 Patricium
1302 1365 1621 1424 dicentem:
1689 1384 1873 1424 manu
1925 1384 2057 1426 mea
2109 1363 2320 1444 scripsi
2348 1408 2362 1423 .
2394 1409 2408 1424 .
2443 1408 2457 1423 .

191 1451 393 1513 verba
435 1452 545 1513 ista
574 1454 914 1532 (epistulae)
947 1453 1152 1515 danda
1196 1474 1267 1514 ac
1311 1453 1605 1516 tradmda
1646 1451 1921 1514 militibus
1965 1452 2245 1515 mittenda
2278 1450 2455 1513 Coro·

195 1541 346 1612 tici,
404 1562 520 1603 non
565 1543 697 1603 dico
741 1541 955 1603 civibus
998 1542 1141 1603 meis
1185 1553 1352 1625 caque
1396 1542 1608 1604 cim'bus
1650 1552 1985 1604 sanctorum
2029 1540 2457 1615 Romanorum,

198 1630 326 1690 sed
356 1674 371 1688 .
407 1677 419 1689 .
452 1676 466 1690 .
499 1634 616 1711 (ep.
655 1636 708 1707 l,
738 1653 797 1710 p.
833 1633 987 1710 314)
1017 1635 1113 1692 vel
1156 1635 1497 1693 laudantem
1545 1633 2022 1693 consuetudinem
2053 1632 2458 1692 Romanorum

202 1722 321 1797 (cf.
383 1726 616 1799 supra),
686 1721 1104 1800 suspicandum
1175 1730 1264 1783 est
1333 1724 1595 1800 aliquam
1653 1743 1916 1799 unquam
1976 1722 2458 1781 consuetudinem

205 1810 406 1868 fuisse
449 1811 714 1871 Patricio
764 1832 896 1870 cum
939 1811 1267 1872 Romanis?
1314 1812 1504 1871 Immo
1551 1811 1711 1871 haud
1756 1812 1875 1871 scio
1923 1832 2000 1870 an
2045 1812 2224 1870 liceat
2269 1811 2456 1889 suspi-

211 1901 350 1958 cari
396 1901 590 1978 ipsum
637 1907 963 1975 auctorem,
1019 1902 1122 1977 qui
1168 1903 1403 1980 saepius
1451 1923 1483 1961 e
1529 1901 1815 1961 servitute
1861 1900 2179 1960 liberatum
2226 1921 2287 1960 se
2334 1919 2457 1959 esse

211 1989 491 2063 tradidit,
539 2010 574 2048 a
621 1988 812 2049 Gallis
858 1992 953 2050 vel
996 1990 1286 2050 Romanis
1332 2012 1456 2051 esse
1502 1992 1890 2068 redemptum.

405 2079 570 2153 Quae
617 2099 748 2138 cum
794 2079 880 2138 ita
925 2080 1046 2139 sint
1061 2125 1074 2152 ,
1120 2081 1534 2157 gravissimum
1581 2100 1705 2139 esse
1750 2086 1898 2158 puto
1945 2079 2092 2139 illud
2140 2079 2459 2138 'Pirechani

219 2169 322 2242 (cf.
362 2188 540 2245 supra
581 2189 638 2245 p.
684 2170 793 2245 37)
840 2169 1033 2247 ipsum
1094 2170 1422 2229 Patricium
1491 2170 1710 2229 dixisse
1779 2169 1843 2227 in
1910 2167 2459 2228 commemoratione

214 2257 492 2316 laborum
552 2278 676 2316 sese
736 2258 1046 2335 navigasse
1105 2279 1214 2337 per
1261 2257 1522 2318 Galliam
1583 2264 1763 2335 atque
1818 2258 2060 2317 Italiam
2114 2263 2302 2317 totam
2348 2264 2458 2317 etc.

215 2346 376 2407 Nam
426 2347 558 2421 quis
604 2353 779 2424 neget
834 2348 1056 2424 optime
1113 2347 1406 2425 quadrare
1451 2349 1635 2408 verba
1690 2348 1793 2406 illa
1847 2348 2033 2426 ipsius
2080 2347 2459 2407 confessionis

217 2435 596 2495 narrationi?
665 2436 824 2509 Quin
872 2436 1052 2495 etiam
1097 2437 1341 2495 dubium
1389 2444 1480 2497 est
1526 2458 1602 2496 an
1646 2436 1826 2496 liceat
1870 2436 2159 2514 suspicari
2205 2457 2273 2495 eo
2328 2437 2460 2515 ipso

221 2527 378 2597 1000,
444 2545 558 2602 quo
606 2525 863 2584 vitarum
909 2526 1225 2585 nonnullae
1282 2527 1684 2586 narrationem
1729 2526 1801 2584 de
1847 2526 2161 2585 itineribus
2205 2526 2323 2584 illis
2368 2526 2456 2583 in-

222 2620 434 2674 serunt
477 2615 576 2686 iis,
639 2633 791 2689 quae
836 2635 909 2672 ex
955 2615 1317 2674 confessione
1364 2620 1756 2695 sumpserunt,
1803 2615 1943 2673 olim
1987 2615 2050 2673 in
2097 2615 2458 2674 confessione

220 2703 449 2780 scripta
493 2703 674 2760 fuisse
719 2705 901 2763 verba
945 2705 1067 2763 illa.
1157 2704 1312 2765 Nam
1357 2725 1427 2764 eo
1472 2706 1602 2783 ipso
1650 2706 1804 2778 1000,
1851 2724 1968 2781 quo
2023 2710 2300 2763 narratur
2342 2702 2458 2761 Pa-

220 2792 432 2851 tricius
480 2790 763 2850 servitute
809 2792 1094 2852 liberatus
1143 2795 1225 2852 28
1274 2794 1398 2852 dies
1445 2795 1681 2853 deserta
1725 2795 1855 2852 loca
1899 2813 2272 2872 peragrasse,
2336 2813 2456 2852 om-

222 2881 387 2940 nium
443 2881 708 2939 codicum
753 2882 937 2943 verba
991 2882 1244 2956 mendis,
1314 2882 1540 2942 lacunis
1597 2888 1657 2942 et
1712 2882 2134 2942 additamentis
2178 2888 2458 2960 corrupta

225 2987 350 3029 esse
421 2970 612 3030 videri
685 2991 863 3050 supra
924 2974 1051 3046 jam
1119 2971 1289 3048 quasi
1357 2977 1809 3050 praetereuntes
1878 2971 2458 3031 commemoravimus

118 3129 125 3136 ,
227 3062 308 3137 (Ρ.
341 3060 422 3117 47
457 3062 702 3136 annot)
777 3061 1097 3119 Praeterea
1142 3080 1340 3120 secum
1393 3068 1633 3138 reputet
1684 3062 2003 3121 benevolus
2057 3062 2244 3121 lector
2297 3060 2459 3124 dicta

226 3148 330 3205 illa
373 3148 641 3220 Patricii,
705 3149 917 3226 quibus
964 3148 1326 3209 Tirechanus
1371 3170 1511 3210 usus
1558 3156 1667 3223 est,
1729 3151 1935 3211 saltem
1981 3150 2055 3209 iis
2100 3149 2317 3208 similia
2362 3170 2457 3207 ex·

227 3243 384 3296 stare
427 3238 490 3295 in
521 3237 725 3296 eodem
764 3238 920 3296 libro
950 3237 1389 3313 ArdmachanO,
1433 3240 1497 3297 in
1543 3260 1660 3317 quo
1708 3238 2020 3310 confessi03
2067 3258 2207 3315 ergo
2255 3238 2459 3297 eodem

222 3329 352 3402 jure
406 3332 543 3385 sunt
601 3332 853 3402 utraque
908 3329 1115 3402 verba,
1180 3329 1325 3405 quin
1377 3329 1558 3388 etiam
1614 3328 1981 3387 Tirechanus
2036 3327 2140 3386 illa
2196 3327 2462 3386 Patricio

230 3415 521 3489 attribuit,
568 3416 744 3489 hanc,
795 3416 983 3493 qualis
1030 3438 1185 3476 nunc
1232 3425 1453 3491 exstat,
1500 3439 1536 3476 a
1582 3418 1848 3478 Patricio
1896 3417 2289 3495 conscriptam
2331 3437 2460 3477 esse

231 3504 523 3563 affirmare
567 3525 686 3563 non
732 3506 949 3584 potuit.
1039 3506 1318 3581 Accedit,
1365 3507 1554 3583 quod,
1611 3527 1741 3565 cum
1787 3528 1823 3566 a
1866 3506 2034 3568 Fieci
2077 3507 2295 3582 hymno
2341 3526 2457 3564 non

229 3601 384 3653 recte
443 3594 744 3654 intellecto
807 3596 975 3672 origo
1023 3616 1223 3655 eorum
1282 3597 1475 3673 repeti
1535 3616 1653 3655 non
1712 3596 1930 3675 possit,
2002 3617 2075 3653 ne
2121 3599 2460 3672 conjectura

234 3683 465 3759 quidem
512 3685 795 3760 augurari
836 3705 1165 3764 possumus,
1212 3706 1315 3745 cur
1361 3687 1456 3745 vel
1510 3707 1546 3744 a
1601 3705 1717 3762 quo
1762 3684 1902 3744 ficta
1955 3684 2078 3744 sint
2121 3684 2281 3743 dicta
2337 3685 2458 3743 illa.

233 3773 379 3832 Nam
435 3773 486 3832 si
540 3772 681 3832 ficta
735 3780 956 3847 essent,
1015 3782 1084 3833 ut
1128 3775 1393 3835 Patricio
1449 3796 1582 3834 cum
1635 3773 1922 3834 Romanis
1977 3774 2460 3833 consuetudinem

235 3861 408 3919 fuisse
463 3862 967 3938 demonstrarent,
1033 3865 1217 3942 ipsius
1269 3864 1496 3923 Romae
1561 3865 1727 3923 urbis
1790 3862 2011 3922 mentio
2074 3864 2235 3922 facta
2288 3869 2460 3922 esset.

234 3949 331 4009 An
378 3951 551 4009 illud:
598 3951 672 4011 de
715 3949 943 4011 saeculo
987 3951 1333 4034 requissistis
1363 3952 1446 4013 ad
1475 3950 1872 4013 Paradissum
1916 3951 2023 4012 deo
2064 3952 2290 4033 qratia-<5
2335 3971 2458 4011 aec·

110 4063 119 4072 =
235 4036 404 4099 alesia
446 4037 757 4100 Scotorum
798 4040 980 4100 immo
1025 4039 1455 4113 Romanorum,
1498 4051 1564 4102 ut
1596 4039 1922 4102 Christiani
1965 4040 2048 4100 ita
2092 4050 2155 4102 ut
2200 4038 2465 4102 Romani

234 4126 351 4188 sitis
392 4171 406 4187 .
438 4150 946 4209 ..propensam
1005 4132 1398 4210 posteriorum
1456 4132 1522 4190 in
1581 4132 1882 4191 Romanos
1944 4132 2311 4191 voluntatem
2371 4151 2459 4188 re-

237 4219 424 4277 dolere
469 4173 684 4296 putas?
731 4217 822 4278 At
866 4221 1010 4279 haec
1054 4222 1238 4280 verba
1284 4242 1414 4280 cum
1458 4220 1758 4297 prioribus
1793 4241 2112 4322 perperam
2143 4224 2460 4296 conjuncta

238 4314 391 4382 sunt,
453 4329 589 4367 nam
634 4309 740 4368 illa
784 4307 846 4367 in
889 4307 1426 4369 commemoratione
1478 4306 1743 4369 laborum
1790 4311 1826 4368 i.
1875 4331 1924 4367 e.
1970 4310 2032 4366 in
2079 4309 2462 4379 confessione,

2000 4411 2036 4463 4
