3025 4909
1364 164 1793 222 -‚-90—

467 344 845 419 conspectum
890 340 1141 399 aliorum
1184 340 1488 400 hominum
1533 340 1953 420 processerint,
1999 347 2158 401 recte
2204 362 2441 420 sperare
2486 361 2710 420 possu-

466 450 597 489 mus
643 430 787 502 fore,
831 436 901 489 ut
946 429 1009 488 in
1054 430 1289 488 illorum
1320 430 1447 489 vita
1478 429 1792 490 Scotorum
1838 450 2030 489 mores
2075 431 2539 491 manifestissimi
2584 431 2709 490 sub

469 523 772 597 aspectum
817 519 989 578 nobis
1033 518 1444 594 subjiciantur.
1536 517 1828 579 Attamen
1870 519 2011 595 quia
2062 520 2181 597 ipsi
2226 518 2392 579 Scoti
2435 520 2709 598 peregri-

467 613 680 667 nantes
725 606 871 666 adeo
916 607 1218 685 peregrini
1263 614 1434 667 erant
1477 607 1543 665 in
1597 607 1709 667 hoc
1763 607 2010 680 mundo,
2069 614 2163 681 ut,
2224 609 2490 685 quamvis
2540 609 2707 687 peri-

467 695 682 756 tissimi
727 702 922 755 essent
965 696 1279 770 scribendi,
1323 702 1525 756 tamen
1568 698 1937 757 voluntatem
1981 717 2101 773 non
2151 698 2440 756 haberent
2481 697 2709 757 litteris

470 785 873 863 consignandi,
922 805 1074 863 quae
1117 785 1233 863 ipsi
1279 786 1511 864 experti
1557 791 1778 860 essent,
1825 806 1977 864 quae
2022 786 2327 859 docerent,
2373 806 2528 863 quae
2572 787 2706 845 lau·

468 875 702 947 darent,
765 894 917 951 quae
976 875 1412 952 vituperarent,
1477 910 1559 921 --
1612 875 1717 933 illa
1777 896 1912 954 spes
1975 895 2084 934 nos
2144 875 2523 948 destitueret,
2581 876 2709 934 nisi

469 964 679 1023 fuisset
725 962 1073 1040 Columba1)
1120 963 1533 1023 Luxoviensis.
1621 964 1759 1036 Hic,
1804 964 2066 1022 omnium
2112 963 2440 1037 Scotorum,
2486 964 2591 1041 qui
2640 965 2707 1023 in

471 1052 872 1112 continentem
902 1059 1210 1126 venerunt,
1257 1052 1417 1111 haud
1461 1052 1641 1111 dubie
1687 1053 2069 1125 clarissimus,
2114 1073 2266 1113 unus
2309 1058 2417 1127 est,
2461 1054 2535 1111 de
2580 1073 2705 1130 quo

470 1142 657 1200 multa
709 1141 1022 1201 memoriae
1067 1142 1305 1220 prodita
1350 1142 1496 1214 sint,
1545 1142 1795 1219 primus,
1840 1142 1914 1200 de
1957 1161 2075 1218 quo
2118 1142 2358 1201 omnino
2404 1142 2551 1201 certi
2595 1142 2707 1201 ali-

471 1230 619 1333 quid
672 1229 791 1288 dici
821 1231 1027 1308 possit.
1088 1232 1241 1292 Nam
1290 1231 1363 1289 de
1407 1231 1534 1290 vita·
1578 1229 1899 1304 Fridolini,
1944 1251 2119 1306 quem
2164 1251 2281 1290 non
2329 1231 2456 1291 sine
2500 1231 2707 1307 aliquo

465 1322 599 1395 jure
643 1319 901 1397 primum
956 1319 1019 1377 in
1065 1319 1323 1378 Francia
1368 1318 1612 1379 Scotum
1656 1319 1966 1379 Ebrardus
2020 1319 2353 1380 nominavit
2397 1322 2480 1398 (p.
2530 1320 2708 1398 285),

469 1408 556 1467 nil
602 1414 762 1467 certo
809 1408 1041 1480 scimus,
1086 1410 1303 1467 nedum
1335 1409 1407 1467 de
1435 1409 1699 1468 moribus
1730 1409 1828 1483 (cf.
1857 1408 2170 1486 Rettberg,
2200 1409 2288 1481 II,
2319 1431 2377 1487 p.
2411 1410 2493 1500 29
2526 1412 2709 1486 sqq..)

472 1496 714 1576 Optimo
763 1496 917 1555 enim
957 1500 1092 1572 jure
1136 1497 1557 1575 Rettbergius,
1617 1498 1711 1556 cui
1770 1518 1959 1575 paene
2019 1518 2219 1557 omnes
2277 1468 2484 1556 hodie
2506 1518 2709 1557 assen-

471 1586 706 1645 tiuntur
751 1586 848 1661 (cf.
895 1585 1322 1659 Wattenbach,
1371 1585 1958 1662 Geschichtsquellen
2003 1585 2062 1659 I,
2109 1609 2166 1665 p.
2215 1588 2327 1664 35)
2372 1588 2581 1659 vetuit,
2627 1607 2709 1645 ne

472 1674 726 1751 amplius
756 1674 1022 1734 historici
1055 1695 1214 1733 more
1259 1678 1549 1751 majorum
1582 1696 1614 1734 e
1645 1681 1981 1735 sanctorum
2015 1676 2153 1735 vitis
2193 1676 2459 1753 ipsorum
2504 1682 2709 1735 aetate

472 1764 648 1841 longe
693 1763 1089 1837 inferioribus,
1137 1784 1288 1840 quae
1333 1765 1408 1823 ab
1439 1765 1513 1824 iis
1543 1771 1714 1842 gesta
1745 1770 1956 1836 essent,
1988 1772 2345 1824 conarentur
2375 1766 2711 1825 enucleare.

473 1851 593 1912 Sed
638 1853 757 1911 alia
802 1859 893 1913 est
935 1853 1197 1912 Ebrardi
1240 1854 1552 1913 sententia.
1643 1852 1938 1931 Scriptori
1998 1853 2230 1912 cuidam
2290 1854 2478 1913 multa
2532 1853 2710 1912 fabu-

472 1942 598 2000 losa
645 1941 948 2001 enarranti
993 1963 1112 2001 non
1159 1943 1395 2001 omnino
1424 1941 1602 2002 fidem
1648 1943 2049 2020 abrogandam
2095 1962 2222 2001 esse
2263 1950 2479 2015 censet,
2526 1962 2711 2019 quae·

472 2030 720 2088 rendum
784 2050 908 2090 esse
969 2030 1185 2108 potius,
1248 2052 1399 2108 quae
1460 2051 1603 2090 vera
1661 2037 1724 2089 et
1793 2037 1955 2089 certa
2015 2032 2258 2104 referat,
2332 2050 2484 2107 quae
2553 2031 2714 2090 falsa

474 2120 558 2196 (p.
608 2119 781 2195 299).
828 2154 912 2163 —
956 2119 1228 2179 Honesta
1287 2121 1432 2179 haec
1491 2119 1708 2191 oratic,
1769 2140 1876 2177 nec
1935 2124 2135 2177 tamen
2187 2120 2430 2197 probari
2485 2125 2711 2197 potest.

473 2208 627 2268 Nam
676 2208 780 2285 qui
825 2207 1231 2269 intellexerint
1275 2215 1494 2267 certam
1542 2207 1818 2267 notitiam
1871 2208 2328 2286 praeteritorum
2373 2215 2712 2286 temporum

473 2296 595 2356 suis
652 2296 893 2370 finibus,
951 2297 1178 2375 exiguis
1237 2316 1404 2370 sane,
1465 2296 1780 2369 contineri,
1840 2297 1911 2370 ii,
1973 2318 2105 2356 cum
2164 2318 2234 2356 ea
2293 2298 2378 2356 sit
2417 2296 2711 2357 fabularis

472 2386 755 2445 historiae
800 2393 1032 2459 natura,
1078 2393 1149 2445 ut
1192 2406 1396 2445 verum
1444 2407 1480 2445 a
1524 2386 1674 2445 falso
1714 2386 1939 2446 secerni
1983 2406 2100 2445 non
2133 2386 2337 2464 possit,
2384 2386 2555 2445 facile
2587 2385 2714 2444 sibi

476 2474 919 2552 persuadebunt
965 2496 1063 2534 eos
1108 2475 1441 2552 scriptores,
1488 2476 1594 2550 qui
1640 2496 1712 2533 ex
1757 2476 1881 2534 sola
1925 2475 2083 2534 fama
2126 2475 2446 2551 hauserint,
2493 2474 2713 2550 dignos

474 2584 594 2621 non
641 2583 786 2636 esse,
832 2564 1047 2640 quibus
1092 2565 1154 2623 in
1202 2563 1510 2623 scribenda
1555 2562 1805 2623 historia
1850 2568 2105 2622 utamur.
2195 2564 2350 2624 Nam
2398 2582 2526 2622 cum
2572 2564 2712 2621 luce

477 2652 692 2711 clarius
754 2652 834 2712 sit
891 2673 1010 2712 non
1073 2653 1269 2711 omnia
1326 2673 1469 2711 vera
1529 2671 1680 2725 esse,
1741 2671 1892 2727 quae
1950 2671 2092 2710 vera
2144 2671 2277 2711 esse
2332 2656 2608 2730 possunt,
2654 2652 2716 2711 si

471 2741 703 2801 ratione
749 2741 878 2815 illa,
927 2762 1103 2818 quam
1149 2741 1456 2800 Ebrardus
1518 2747 1785 2817 exoptat,
1847 2746 2157 2800 uterentur
2214 2740 2512 2813 historici,
2574 2741 2714 2799 fieri

472 2849 591 2887 non
638 2836 852 2907 posset,
900 2830 1044 2906 quin
1090 2866 1178 2875 -—-
1224 2839 1292 2890 ut
1345 2830 1573 2888 sciurus
1627 2829 1691 2887 in
1746 2830 2091 2907 frangendis
2144 2830 2394 2889 nucibus
2439 2834 2713 2906 gustatu,

474 2918 580 2993 qui
625 2918 705 2976 sit
749 2919 1007 2995 nucleus,
1056 2920 1342 2996 dijudicat
1380 2952 1454 2961 —
1490 2917 1579 2976 ita
1622 2917 1889 2977 historici
1919 2918 2071 2977 alius
2102 2918 2247 2978 alias
2293 2918 2409 2978 sibi
2440 2918 2714 2995 eligeret,

472 3013 651 3083 prout
698 3007 910 3083 cuique
955 3009 1290 3087 placuisset,
1335 3006 1461 3065 veri
1507 3013 1569 3064 et
1611 3006 1757 3075 falsi·
1792 3012 1981 3066 notas.

652 3096 790 3155 Hoc
835 3097 1028 3174 ipsum
1074 3097 1175 3170 iis,
1232 3116 1381 3174 quae
1426 3095 1737 3154 Ebrardus
1795 3096 1868 3154 de
1913 3094 2220 3154 Fridolino
2266 3094 2575 3166 disseruit,
2637 3103 2716 3157 ut

474 3185 758 3262 exemplis
791 3188 1222 3264 comprobatur.
1284 3184 1381 3242 Ex
1410 3184 1627 3261 quibus
1654 3204 1837 3242 unum
1870 3191 1976 3258 est,
2000 3184 2160 3260 quod
2189 3184 2514 3257 Ebrardus,
2539 3191 2712 3262 post-

475 3294 651 3350 quam
700 3276 1001 3335 enarra'vit
1045 3273 1419 3333 Fridolinum
1480 3278 1633 3332 teste
1692 3272 1978 3332 Balthero
2025 3273 2153 3349 (vit.
2198 3271 2362 3333 Frid.
2416 3273 2515 3345 12,
2561 3272 2713 3333 Act.

473 3361 578 3422 SS.
625 3361 783 3422 Boll.
830 3364 1006 3422 Mart.
1056 3366 1111 3434 6,
1158 3384 1217 3440 p.
1265 3362 1418 3438 435)
1465 3360 1835 3439 praedicasse
1880 3360 2212 3443 „quomodo
2250 3357 2420 3444 filius
2466 3359 2564 3421 dec·
2593 3406 2607 3419 .
2642 3405 2656 3421 .
2694 3405 2711 3421 .

470 3449 683 3511 mundi
722 3449 1056 3531 vorayinem
1083 3449 1343 3521 intraret,
1385 3447 1594 3510 seilicet
1618 3458 1863 3529 propter
1904 3459 2104 3511 nostra
2135 3458 2399 3529 peccata,
2429 3468 2531 3509 seu
2559 3448 2715 3531 quid

463 3560 580 3622 pro
626 3537 790 3599 nobis
825 3548 1168 3621 pateretur-‘⁶
1212 3541 1364 3599 hanc
1393 3539 1664 3597 Baltheri
1708 3540 2111 3599 narrationem
2156 3538 2409 3598 veritate
2455 3538 2571 3597 niti
2610 3539 2709 3598 his

472 3629 672 3687 verbis
732 3628 846 3687 sibi
905 3629 1145 3688 videtur
1205 3630 1641 3707 comprobasse:
1706 3623 1885 3688 Diese
1943 3624 2262 3707 eneryisclae
2320 3624 2710 3707 IIinwez’sunq

471 3715 593 3797 auf
629 3712 852 3777 Chrztsti
890 3714 1217 3778 sz‘ae‘hnenden
1262 3713 1633 3777 Kreuzestod
1645 3759 1662 3786 ,
1726 3714 1877 3774 diese
1928 3713 2378 3795 soterioloqische
2425 3712 2712 3796 Fassunq

473 3804 580 3865 der
624 3802 981 3866 christlichen
1010 3803 1207 3867 Lekre
1253 3803 1341 3865 als
1384 3804 1492 3865 der
1521 3800 1861 3874 Heilslekre,
1907 3803 1981 3863 ist
2008 3823 2074 3863 so
2109 3800 2362 3863 siclalz‘eh
2392 3800 2708 3876 culdei-sch,

472 3893 610 3955 dass
655 3892 779 3954 hier
823 3894 935 3955 das
979 3891 1480 3977 Zuyrundelieyen
1542 3892 1699 3953 einer
1757 3889 1888 3951 seha·
1932 3890 2084 3953 alten
2135 3888 2334 3968 Quelle
2376 3890 2534 3952 nicht
2577 3912 2708 3951 ver-

471 3981 650 4044 kcmnt
708 3984 940 4044 werden
1000 3982 1154 4043 kann
1215 3987 1296 4063 (Ρ.
1347 3983 1521 4059 294).
1611 3981 1755 4040 Alia
1812 3983 1984 4058 plura
2041 3980 2381 4058 hujusmodi
2437 3983 2709 4059 proferre

617 4196 640 4227 ²
685 4195 1085 4250 Columbanus.
1200 4193 1294 4261 qui
1331 4196 1382 4246 et
1407 4190 1745 4247 G'olumba—
1767 4189 1809 4244 J
1812 4207 1900 4243 on
1928 4188 2028 4242 vit.
2058 4187 2177 4242 Col.
2206 4188 2253 4254 6,
2283 4188 2434 4242 Mab.
2462 4188 2545 4253 II,
2575 4207 2713 4247 ann.

475 4266 596 4332 615,
626 4285 681 4335 Ρ.
711 4267 771 4333 ’7;
811 4268 933 4335 ipse
971 4265 1031 4318 in
1069 4264 1324 4333 epistulis
1354 4262 1682 4317 Columbam
1707 4277 1820 4315 non
1845 4260 2250 4316 Golambanum
2276 4276 2334 4313 se
2372 4230 2716 4329 appellavit.
