<?xml version="1.0" encoding="UTF-8"?>
<!DOCTYPE html PUBLIC "-//W3C//DTD XHTML 1.0 Transitional//EN"
    "http://www.w3.org/TR/xhtml1/DTD/xhtml1-transitional.dtd">
<html xmlns="http://www.w3.org/1999/xhtml" xml:lang="en" lang="en">
 <head>
  <title>
</title>
<meta http-equiv="Content-Type" content="text/html;charset=utf-8" />
  <meta name='ocr-system' content='tesseract 3.04.00' />
  <meta name='ocr-capabilities' content='ocr_page ocr_carea ocr_par ocr_line ocrx_word'/>
</head>
<body>
  <div class='ocr_page' id='page_1' title='image "./deantiquabriton00loofgoog_0122.png"; bbox 0 0 3025 4909; ppageno 0'>
   <div class='ocr_carea' id='block_1_1' title="bbox 1401 177 1887 234">
    <p class='ocr_par' dir='ltr' id='par_1_1' title="bbox 1401 177 1887 234">
     <span class='ocr_line' id='line_1_1' title="bbox 1401 177 1887 234; baseline 0 0"><span class='ocrx_word' id='word_1_1' title='bbox 1401 177 1887 234; x_wconf 86' lang='lat'>-116—</span> 
     </span>
    </p>
   </div>
   <div class='ocr_carea' id='block_1_2' title="bbox 450 352 2837 4334">
    <p class='ocr_par' dir='ltr' id='par_1_2' title="bbox 520 352 2837 1834">
     <span class='ocr_line' id='line_1_2' title="bbox 520 352 2837 432; baseline -0.002 -17"><span class='ocrx_word' id='word_1_2' title='bbox 520 356 686 428; x_wconf 89' lang='lat' dir='ltr'>dass,</span> <span class='ocrx_word' id='word_1_3' title='bbox 749 374 930 432; x_wconf 88' lang='lat' dir='ltr'>supra</span> <span class='ocrx_word' id='word_1_4' title='bbox 982 357 1109 429; x_wconf 87' lang='lat' dir='ltr'>jam</span> <span class='ocrx_word' id='word_1_5' title='bbox 1155 353 1429 413; x_wconf 77' lang='lat' dir='ltr'><strong>diximus.</strong></span> <span class='ocrx_word' id='word_1_6' title='bbox 1520 353 1598 412; x_wconf 92' lang='lat' dir='ltr'>In</span> <span class='ocrx_word' id='word_1_7' title='bbox 1655 353 1770 412; x_wconf 91' lang='lat' dir='ltr'>hoc</span> <span class='ocrx_word' id='word_1_8' title='bbox 1830 352 2117 412; x_wconf 78' lang='lat' dir='ltr'>simillimi</span> <span class='ocrx_word' id='word_1_9' title='bbox 2175 359 2373 425; x_wconf 89' lang='lat' dir='ltr'>erant,</span> <span class='ocrx_word' id='word_1_10' title='bbox 2434 352 2539 413; x_wconf 89' lang='lat' dir='ltr'>sed</span> <span class='ocrx_word' id='word_1_11' title='bbox 2601 352 2837 412; x_wconf 72' lang='lat' dir='ltr'>varia·</span> 
     </span>
     <span class='ocr_line' id='line_1_3' title="bbox 520 441 2798 520; baseline -0.002 -16"><span class='ocrx_word' id='word_1_12' title='bbox 520 445 754 505; x_wconf 84' lang='lat' dir='ltr'>ratione</span> <span class='ocrx_word' id='word_1_13' title='bbox 822 449 1074 520; x_wconf 89' lang='lat' dir='ltr'>uterque</span> <span class='ocrx_word' id='word_1_14' title='bbox 1138 441 1515 520; x_wconf 85' lang='lat' dir='ltr'>disciplinam</span> <span class='ocrx_word' id='word_1_15' title='bbox 1586 443 1898 501; x_wconf 78' lang='lat' dir='ltr'>emendare</span> <span class='ocrx_word' id='word_1_16' title='bbox 1966 441 2200 501; x_wconf 76' lang='lat' dir='ltr'>studuit</span> <span class='ocrx_word' id='word_1_17' title='bbox 2267 442 2367 517; x_wconf 84' lang='lat' dir='ltr'>(cf.</span> <span class='ocrx_word' id='word_1_18' title='bbox 2436 442 2798 518; x_wconf 76' lang='lat' dir='ltr'>Harttung,</span> 
     </span>
     <span class='ocr_line' id='line_1_4' title="bbox 523 530 2798 612; baseline -0.001 -20"><span class='ocrx_word' id='word_1_19' title='bbox 523 555 584 612; x_wconf 89' lang='lat' dir='ltr'>p.</span> <span class='ocrx_word' id='word_1_20' title='bbox 643 535 723 590; x_wconf 84' lang='lat'>27</span> <span class='ocrx_word' id='word_1_21' title='bbox 785 537 908 591; x_wconf 84' lang='lat' dir='ltr'>not.</span> <span class='ocrx_word' id='word_1_22' title='bbox 967 533 1052 607; x_wconf 82' lang='lat'>2).</span> <span class='ocrx_word' id='word_1_23' title='bbox 1141 530 1298 592; x_wconf 83' lang='lat' dir='ltr'>Nam</span> <span class='ocrx_word' id='word_1_24' title='bbox 1359 530 1652 591; x_wconf 82' lang='lat' dir='ltr'>Columba</span> <span class='ocrx_word' id='word_1_25' title='bbox 1713 538 1777 591; x_wconf 88' lang='lat' dir='ltr'>et</span> <span class='ocrx_word' id='word_1_26' title='bbox 1835 530 1979 589; x_wconf 87' lang='lat' dir='ltr'>socii</span> <span class='ocrx_word' id='word_1_27' title='bbox 2040 533 2196 605; x_wconf 84' lang='lat' dir='ltr'>ejus,</span> <span class='ocrx_word' id='word_1_28' title='bbox 2265 531 2491 609; x_wconf 85' lang='lat' dir='ltr'>quippe</span> <span class='ocrx_word' id='word_1_29' title='bbox 2537 530 2798 607; x_wconf 71' lang='lat' dir='ltr'>quibus</span> 
     </span>
     <span class='ocr_line' id='line_1_5' title="bbox 520 619 2796 697; baseline -0.002 -16"><span class='ocrx_word' id='word_1_30' title='bbox 520 642 727 681; x_wconf 82' lang='lat' dir='ltr'>amara</span> <span class='ocrx_word' id='word_1_31' title='bbox 772 620 953 679; x_wconf 82' lang='lat' dir='ltr'>fuerit</span> <span class='ocrx_word' id='word_1_32' title='bbox 997 620 1142 679; x_wconf 78' lang='lat' dir='ltr'>haec</span> <span class='ocrx_word' id='word_1_33' title='bbox 1172 619 1301 679; x_wconf 83' lang='lat' dir='ltr'>vita</span> <span class='ocrx_word' id='word_1_34' title='bbox 1331 620 1430 695; x_wconf 83' lang='lat' dir='ltr'>(cf.</span> <span class='ocrx_word' id='word_1_35' title='bbox 1462 639 1643 697; x_wconf 85' lang='lat' dir='ltr'>supra</span> <span class='ocrx_word' id='word_1_36' title='bbox 1673 641 1736 697; x_wconf 56' lang='lat' dir='ltr'>p.</span> <span class='ocrx_word' id='word_1_37' title='bbox 1770 620 1891 678; x_wconf 87' lang='lat'>105</span> <span class='ocrx_word' id='word_1_38' title='bbox 1934 626 1997 679; x_wconf 88' lang='lat' dir='ltr'>et</span> <span class='ocrx_word' id='word_1_39' title='bbox 2035 620 2202 695; x_wconf 85' lang='lat'>113),</span> <span class='ocrx_word' id='word_1_40' title='bbox 2235 619 2516 681; x_wconf 84' lang='lat' dir='ltr'>ecclesiae</span> <span class='ocrx_word' id='word_1_41' title='bbox 2546 624 2796 679; x_wconf 84' lang='lat' dir='ltr'>statum</span> 
     </span>
     <span class='ocr_line' id='line_1_6' title="bbox 522 707 2794 787; baseline -0.001 -17"><span class='ocrx_word' id='word_1_42' title='bbox 522 710 819 787; x_wconf 77' lang='lat' dir='ltr'>corrigere</span> <span class='ocrx_word' id='word_1_43' title='bbox 888 714 952 768; x_wconf 89' lang='lat' dir='ltr'>et</span> <span class='ocrx_word' id='word_1_44' title='bbox 1020 708 1332 767; x_wconf 85' lang='lat' dir='ltr'>emendare</span> <span class='ocrx_word' id='word_1_45' title='bbox 1400 709 1724 768; x_wconf 77' lang='lat' dir='ltr'><strong>studebant</strong></span> <span class='ocrx_word' id='word_1_46' title='bbox 1740 753 1756 780; x_wconf 93' lang='lat'>,</span> <span class='ocrx_word' id='word_1_47' title='bbox 1819 725 1952 767; x_wconf 88' lang='lat' dir='ltr'>cum</span> <span class='ocrx_word' id='word_1_48' title='bbox 2014 707 2092 766; x_wconf 89' lang='lat' dir='ltr'>ad</span> <span class='ocrx_word' id='word_1_49' title='bbox 2152 707 2612 768; x_wconf 75' lang='lat' dir='ltr'>contemnendas</span> <span class='ocrx_word' id='word_1_50' title='bbox 2675 727 2794 768; x_wconf 82' lang='lat' dir='ltr'>res</span> 
     </span>
     <span class='ocr_line' id='line_1_7' title="bbox 525 795 2793 868; baseline -0.002 -10"><span class='ocrx_word' id='word_1_51' title='bbox 525 800 810 858; x_wconf 85' lang='lat' dir='ltr'>humanas</span> <span class='ocrx_word' id='word_1_52' title='bbox 854 797 1123 857; x_wconf 86' lang='lat' dir='ltr'>homines</span> <span class='ocrx_word' id='word_1_53' title='bbox 1168 797 1538 868; x_wconf 84' lang='lat' dir='ltr'>invitabant,</span> <span class='ocrx_word' id='word_1_54' title='bbox 1585 797 1903 858; x_wconf 88' lang='lat' dir='ltr'>monachos</span> <span class='ocrx_word' id='word_1_55' title='bbox 1948 797 2361 868; x_wconf 81' lang='lat' dir='ltr'>tonsurabant,</span> <span class='ocrx_word' id='word_1_56' title='bbox 2406 795 2793 856; x_wconf 82' lang='lat' dir='ltr'>monasteria</span> 
     </span>
     <span class='ocr_line' id='line_1_8' title="bbox 522 884 2788 964; baseline -0.003 -15"><span class='ocrx_word' id='word_1_57' title='bbox 522 887 968 958; x_wconf 76' lang='lat' dir='ltr'><strong>construebant,</strong></span> <span class='ocrx_word' id='word_1_58' title='bbox 1014 905 1152 959; x_wconf 87' lang='lat' dir='ltr'>non,</span> <span class='ocrx_word' id='word_1_59' title='bbox 1198 893 1268 945; x_wconf 88' lang='lat' dir='ltr'>ut</span> <span class='ocrx_word' id='word_1_60' title='bbox 1312 887 1599 964; x_wconf 89' lang='lat' dir='ltr'>populum</span> <span class='ocrx_word' id='word_1_61' title='bbox 1629 886 1692 944; x_wconf 91' lang='lat' dir='ltr'>in</span> <span class='ocrx_word' id='word_1_62' title='bbox 1722 886 1798 947; x_wconf 88' lang='lat' dir='ltr'>iis</span> <span class='ocrx_word' id='word_1_63' title='bbox 1825 885 2151 957; x_wconf 76' lang='lat' dir='ltr'>erudirent,</span> <span class='ocrx_word' id='word_1_64' title='bbox 2197 885 2304 944; x_wconf 86' lang='lat' dir='ltr'>sed</span> <span class='ocrx_word' id='word_1_65' title='bbox 2332 892 2403 945; x_wconf 98' lang='grc' dir='ltr'>ιιι</span> <span class='ocrx_word' id='word_1_66' title='bbox 2430 884 2788 962; x_wconf 82' lang='lat' dir='ltr'>perfugium</span> 
     </span>
     <span class='ocr_line' id='line_1_9' title="bbox 526 972 2790 1056; baseline -0.002 -21"><span class='ocrx_word' id='word_1_67' title='bbox 526 977 886 1056; x_wconf 78' lang='lat' dir='ltr'>praeberent</span> <span class='ocrx_word' id='word_1_68' title='bbox 944 975 1021 1033; x_wconf 86' lang='lat' dir='ltr'>iis</span> <span class='ocrx_word' id='word_1_69' title='bbox 1035 1018 1051 1048; x_wconf 93' lang='lat'>,</span> <span class='ocrx_word' id='word_1_70' title='bbox 1122 975 1229 1052; x_wconf 87' lang='lat' dir='ltr'>qui</span> <span class='ocrx_word' id='word_1_71' title='bbox 1295 995 1370 1033; x_wconf 85' lang='lat' dir='ltr'>ex</span> <span class='ocrx_word' id='word_1_72' title='bbox 1429 974 1738 1052; x_wconf 74' lang='lat' dir='ltr'>pestilenti</span> <span class='ocrx_word' id='word_1_73' title='bbox 1799 975 1977 1051; x_wconf 87' lang='lat' dir='ltr'>hujus</span> <span class='ocrx_word' id='word_1_74' title='bbox 2047 973 2254 1033; x_wconf 85' lang='lat' dir='ltr'>mundi</span> <span class='ocrx_word' id='word_1_75' title='bbox 2298 978 2436 1034; x_wconf 67' lang='lat' dir='ltr'>aere</span> <span class='ocrx_word' id='word_1_76' title='bbox 2495 972 2790 1032; x_wconf 83' lang='lat' dir='ltr'>secedere</span> 
     </span>
     <span class='ocr_line' id='line_1_10' title="bbox 521 1061 2790 1143; baseline -0.002 -18"><span class='ocrx_word' id='word_1_77' title='bbox 521 1065 866 1143; x_wconf 88' lang='lat' dir='ltr'>cupiebant.</span> <span class='ocrx_word' id='word_1_78' title='bbox 933 1061 1273 1124; x_wconf 71' lang='lat' dir='ltr'>Bonifatius</span> <span class='ocrx_word' id='word_1_79' title='bbox 1318 1068 1520 1122; x_wconf 87' lang='lat' dir='ltr'>autem</span> <span class='ocrx_word' id='word_1_80' title='bbox 1563 1084 1697 1123; x_wconf 89' lang='lat' dir='ltr'>cum</span> <span class='ocrx_word' id='word_1_81' title='bbox 1742 1063 2062 1123; x_wconf 88' lang='lat' dir='ltr'>monachus</span> <span class='ocrx_word' id='word_1_82' title='bbox 2108 1069 2239 1121; x_wconf 86' lang='lat' dir='ltr'>erat</span> <span class='ocrx_word' id='word_1_83' title='bbox 2283 1069 2412 1122; x_wconf 86' lang='lat' dir='ltr'>tum</span> <span class='ocrx_word' id='word_1_84' title='bbox 2457 1062 2790 1140; x_wconf 85' lang='lat' dir='ltr'>episcopus</span> 
     </span>
     <span class='ocr_line' id='line_1_11' title="bbox 526 1148 2788 1230; baseline -0.003 -17"><span class='ocrx_word' id='word_1_85' title='bbox 526 1160 590 1213; x_wconf 85' lang='lat' dir='ltr'>et</span> <span class='ocrx_word' id='word_1_86' title='bbox 619 1152 1113 1230; x_wconf 75' lang='lat' dir='ltr'>archiepiscopus.</span> <span class='ocrx_word' id='word_1_87' title='bbox 1175 1152 1384 1229; x_wconf 84' lang='lat' dir='ltr'>anue</span> <span class='ocrx_word' id='word_1_88' title='bbox 1430 1152 1504 1212; x_wconf 92' lang='lat' dir='ltr'>de</span> <span class='ocrx_word' id='word_1_89' title='bbox 1553 1172 1729 1212; x_wconf 77' lang='lat' dir='ltr'>causa</span> <span class='ocrx_word' id='word_1_90' title='bbox 1774 1153 2005 1212; x_wconf 83' lang='lat' dir='ltr'>duabus</span> <span class='ocrx_word' id='word_1_91' title='bbox 2050 1153 2247 1223; x_wconf 87' lang='lat' dir='ltr'>rebus,</span> <span class='ocrx_word' id='word_1_92' title='bbox 2293 1156 2356 1210; x_wconf 87' lang='lat' dir='ltr'>et</span> <span class='ocrx_word' id='word_1_93' title='bbox 2400 1148 2788 1211; x_wconf 83' lang='lat' dir='ltr'>instituenda</span> 
     </span>
     <span class='ocr_line' id='line_1_12' title="bbox 525 1239 2786 1317; baseline -0.003 -14"><span class='ocrx_word' id='word_1_94' title='bbox 525 1242 653 1304; x_wconf 76' lang='lat' dir='ltr'>vita</span> <span class='ocrx_word' id='word_1_95' title='bbox 699 1240 1044 1300; x_wconf 88' lang='lat' dir='ltr'>monachica</span> <span class='ocrx_word' id='word_1_96' title='bbox 1089 1262 1159 1300; x_wconf 87' lang='lat' dir='ltr'>ac</span> <span class='ocrx_word' id='word_1_97' title='bbox 1205 1241 1442 1317; x_wconf 89' lang='lat' dir='ltr'>quidem</span> <span class='ocrx_word' id='word_1_98' title='bbox 1496 1241 1821 1300; x_wconf 88' lang='lat' dir='ltr'>secundum</span> <span class='ocrx_word' id='word_1_99' title='bbox 1875 1241 2142 1317; x_wconf 75' lang='lat' dir='ltr'>regulam</span> <span class='ocrx_word' id='word_1_100' title='bbox 2188 1239 2300 1300; x_wconf 81' lang='lat' dir='ltr'>Sti.</span> <span class='ocrx_word' id='word_1_101' title='bbox 2346 1239 2663 1301; x_wconf 84' lang='lat' dir='ltr'>Benedicti</span> <span class='ocrx_word' id='word_1_102' title='bbox 2716 1244 2786 1297; x_wconf 88' lang='lat' dir='ltr'>et</span> 
     </span>
     <span class='ocr_line' id='line_1_13' title="bbox 525 1328 2783 1408; baseline -0.002 -19"><span class='ocrx_word' id='word_1_103' title='bbox 525 1330 889 1390; x_wconf 83' lang='lat' dir='ltr'>hierarchico</span> <span class='ocrx_word' id='word_1_104' title='bbox 936 1335 1100 1389; x_wconf 89' lang='lat' dir='ltr'>statu</span> <span class='ocrx_word' id='word_1_105' title='bbox 1147 1331 1296 1389; x_wconf 91' lang='lat' dir='ltr'>bene</span> <span class='ocrx_word' id='word_1_106' title='bbox 1343 1330 1747 1408; x_wconf 87' lang='lat' dir='ltr'>componendo</span> <span class='ocrx_word' id='word_1_107' title='bbox 1794 1328 2104 1389; x_wconf 80' lang='lat' dir='ltr'>ecclesiam-</span> <span class='ocrx_word' id='word_1_108' title='bbox 2128 1329 2428 1405; x_wconf 81' lang='lat' dir='ltr'>corrigere</span> <span class='ocrx_word' id='word_1_109' title='bbox 2468 1334 2531 1388; x_wconf 86' lang='lat' dir='ltr'>et</span> <span class='ocrx_word' id='word_1_110' title='bbox 2576 1347 2783 1386; x_wconf 86' lang='lat' dir='ltr'>emen-</span> 
     </span>
     <span class='ocr_line' id='line_1_14' title="bbox 525 1414 2784 1495; baseline -0.003 -16"><span class='ocrx_word' id='word_1_111' title='bbox 525 1420 670 1479; x_wconf 85' lang='lat' dir='ltr'>dare</span> <span class='ocrx_word' id='word_1_112' title='bbox 716 1419 971 1489; x_wconf 81' lang='lat' dir='ltr'>studuit3</span> <span class='ocrx_word' id='word_1_113' title='bbox 1019 1424 1082 1476; x_wconf 88' lang='lat' dir='ltr'>et</span> <span class='ocrx_word' id='word_1_114' title='bbox 1122 1418 1251 1495; x_wconf 90' lang='lat' dir='ltr'>ipse</span> <span class='ocrx_word' id='word_1_115' title='bbox 1297 1418 1657 1478; x_wconf 87' lang='lat' dir='ltr'>monasteria</span> <span class='ocrx_word' id='word_1_116' title='bbox 1686 1418 2069 1489; x_wconf 86' lang='lat' dir='ltr'>constituens,</span> <span class='ocrx_word' id='word_1_117' title='bbox 2113 1417 2431 1478; x_wconf 85' lang='lat' dir='ltr'>seminaria</span> <span class='ocrx_word' id='word_1_118' title='bbox 2477 1414 2784 1476; x_wconf 87' lang='lat' dir='ltr'>educandi</span> 
     </span>
     <span class='ocr_line' id='line_1_15' title="bbox 526 1504 2780 1587; baseline -0.001 -21"><span class='ocrx_word' id='word_1_119' title='bbox 526 1507 761 1587; x_wconf 91' lang='lat' dir='ltr'>populi,</span> <span class='ocrx_word' id='word_1_120' title='bbox 820 1507 925 1565; x_wconf 88' lang='lat' dir='ltr'>sed</span> <span class='ocrx_word' id='word_1_121' title='bbox 982 1506 1140 1565; x_wconf 86' lang='lat' dir='ltr'>idem</span> <span class='ocrx_word' id='word_1_122' title='bbox 1202 1507 1512 1586; x_wconf 88' lang='lat' dir='ltr'>episcopos</span> <span class='ocrx_word' id='word_1_123' title='bbox 1569 1525 1921 1568; x_wconf 86' lang='lat' dir='ltr'>consecrans</span> <span class='ocrx_word' id='word_1_124' title='bbox 1967 1513 2031 1566; x_wconf 91' lang='lat' dir='ltr'>et</span> <span class='ocrx_word' id='word_1_125' title='bbox 2074 1507 2140 1566; x_wconf 83' lang='lat' dir='ltr'>in</span> <span class='ocrx_word' id='word_1_126' title='bbox 2183 1505 2497 1584; x_wconf 83' lang='lat' dir='ltr'>parochias</span> <span class='ocrx_word' id='word_1_127' title='bbox 2544 1504 2780 1582; x_wconf 80' lang='lat' dir='ltr'>episco-</span> 
     </span>
     <span class='ocr_line' id='line_1_16' title="bbox 526 1593 2781 1674; baseline -0.002 -19"><span class='ocrx_word' id='word_1_128' title='bbox 526 1597 693 1674; x_wconf 80' lang='lat' dir='ltr'>pales</span> <span class='ocrx_word' id='word_1_129' title='bbox 736 1595 1021 1672; x_wconf 87' lang='lat' dir='ltr'>populum</span> <span class='ocrx_word' id='word_1_130' title='bbox 1066 1594 1450 1655; x_wconf 87' lang='lat' dir='ltr'>distribuens.</span> <span class='ocrx_word' id='word_1_131' title='bbox 1541 1595 1760 1674; x_wconf 86' lang='lat' dir='ltr'>Itaque</span> <span class='ocrx_word' id='word_1_132' title='bbox 1820 1616 1955 1654; x_wconf 90' lang='lat' dir='ltr'>cum</span> <span class='ocrx_word' id='word_1_133' title='bbox 2010 1601 2073 1655; x_wconf 86' lang='lat' dir='ltr'>et</span> <span class='ocrx_word' id='word_1_134' title='bbox 2128 1593 2432 1654; x_wconf 84' lang='lat' dir='ltr'>monachis</span> <span class='ocrx_word' id='word_1_135' title='bbox 2487 1600 2550 1652; x_wconf 87' lang='lat' dir='ltr'>et</span> <span class='ocrx_word' id='word_1_136' title='bbox 2602 1593 2781 1654; x_wconf 86' lang='lat' dir='ltr'>laicis</span> 
     </span>
     <span class='ocr_line' id='line_1_17' title="bbox 527 1682 2778 1757; baseline -0.002 -14"><span class='ocrx_word' id='word_1_137' title='bbox 527 1704 736 1743; x_wconf 83' lang='lat' dir='ltr'>curam</span> <span class='ocrx_word' id='word_1_138' title='bbox 778 1684 1112 1757; x_wconf 88' lang='lat' dir='ltr'>adhiberet,</span> <span class='ocrx_word' id='word_1_139' title='bbox 1159 1704 1279 1743; x_wconf 90' lang='lat' dir='ltr'>non</span> <span class='ocrx_word' id='word_1_140' title='bbox 1325 1686 1517 1743; x_wconf 91' lang='lat' dir='ltr'>solum</span> <span class='ocrx_word' id='word_1_141' title='bbox 1545 1685 1706 1745; x_wconf 82' lang='lat' dir='ltr'>vitae</span> <span class='ocrx_word' id='word_1_142' title='bbox 1751 1682 2145 1756; x_wconf 69' lang='lat' dir='ltr'>monachicae,</span> <span class='ocrx_word' id='word_1_143' title='bbox 2191 1684 2297 1744; x_wconf 86' lang='lat' dir='ltr'>sed</span> <span class='ocrx_word' id='word_1_144' title='bbox 2340 1682 2626 1744; x_wconf 81' lang='lat' dir='ltr'>ecclesiae</span> <span class='ocrx_word' id='word_1_145' title='bbox 2672 1702 2778 1741; x_wconf 85' lang='lat' dir='ltr'>ex·</span> 
     </span>
     <span class='ocr_line' id='line_1_18' title="bbox 524 1773 1050 1834; baseline -0.002 0"><span class='ocrx_word' id='word_1_146' title='bbox 524 1773 689 1834; x_wconf 86' lang='lat' dir='ltr'>stitit</span> <span class='ocrx_word' id='word_1_147' title='bbox 735 1778 1050 1834; x_wconf 86' lang='lat' dir='ltr'>corrector.</span> 
     </span>
    </p>

    <p class='ocr_par' dir='ltr' id='par_1_3' title="bbox 529 1859 2777 2540">
     <span class='ocr_line' id='line_1_19' title="bbox 710 1859 2777 1934; baseline -0 -16"><span class='ocrx_word' id='word_1_148' title='bbox 710 1860 981 1934; x_wconf 80' lang='lat' dir='ltr'>Quarum</span> <span class='ocrx_word' id='word_1_149' title='bbox 1021 1861 1320 1920; x_wconf 86' lang='lat' dir='ltr'>rationum</span> <span class='ocrx_word' id='word_1_150' title='bbox 1367 1867 1504 1921; x_wconf 83' lang='lat' dir='ltr'>utra</span> <span class='ocrx_word' id='word_1_151' title='bbox 1549 1861 1760 1920; x_wconf 86' lang='lat' dir='ltr'>melior</span> <span class='ocrx_word' id='word_1_152' title='bbox 1804 1861 2015 1932; x_wconf 81' lang='lat' dir='ltr'>fuerit,</span> <span class='ocrx_word' id='word_1_153' title='bbox 2065 1860 2259 1920; x_wconf 82' lang='lat' dir='ltr'>exitus</span> <span class='ocrx_word' id='word_1_154' title='bbox 2305 1859 2524 1922; x_wconf 85' lang='lat' dir='ltr'>docuit.</span> <span class='ocrx_word' id='word_1_155' title='bbox 2616 1859 2777 1918; x_wconf 88' lang='lat' dir='ltr'>Nam</span> 
     </span>
     <span class='ocr_line' id='line_1_20' title="bbox 530 1948 2774 2049; baseline -0.002 -40"><span class='ocrx_word' id='word_1_156' title='bbox 530 1949 700 2010; x_wconf 84' lang='lat' dir='ltr'>brevi</span> <span class='ocrx_word' id='word_1_157' title='bbox 744 1956 1010 2049; x_wconf 77' lang='lat' dir='ltr'>tempore</span> <span class='ocrx_word' id='word_1_158' title='bbox 1056 1950 1281 2009; x_wconf 81' lang='lat' dir='ltr'>factum</span> <span class='ocrx_word' id='word_1_159' title='bbox 1325 1956 1443 2023; x_wconf 89' lang='lat' dir='ltr'>est,</span> <span class='ocrx_word' id='word_1_160' title='bbox 1504 1956 1576 2009; x_wconf 92' lang='lat' dir='ltr'>ut</span> <span class='ocrx_word' id='word_1_161' title='bbox 1619 1949 1810 2022; x_wconf 80' lang='lat' dir='ltr'>Secti,</span> <span class='ocrx_word' id='word_1_162' title='bbox 1859 1949 1964 2027; x_wconf 87' lang='lat' dir='ltr'>qui</span> <span class='ocrx_word' id='word_1_163' title='bbox 2010 1948 2334 2010; x_wconf 75' lang='lat' dir='ltr'>Columbae</span> <span class='ocrx_word' id='word_1_164' title='bbox 2380 1948 2642 2025; x_wconf 83' lang='lat' dir='ltr'>vestigia</span> <span class='ocrx_word' id='word_1_165' title='bbox 2681 1967 2774 2008; x_wconf 90' lang='lat' dir='ltr'>se·</span> 
     </span>
     <span class='ocr_line' id='line_1_21' title="bbox 529 2035 2776 2116; baseline -0.001 -21"><span class='ocrx_word' id='word_1_166' title='bbox 529 2044 781 2116; x_wconf 86' lang='lat' dir='ltr'>quentes</span> <span class='ocrx_word' id='word_1_167' title='bbox 840 2037 903 2095; x_wconf 89' lang='lat' dir='ltr'>in</span> <span class='ocrx_word' id='word_1_168' title='bbox 962 2039 1367 2098; x_wconf 84' lang='lat' dir='ltr'>continentem</span> <span class='ocrx_word' id='word_1_169' title='bbox 1422 2038 1772 2110; x_wconf 77' lang='lat' dir='ltr'>veniebant,</span> <span class='ocrx_word' id='word_1_170' title='bbox 1834 2039 2026 2098; x_wconf 87' lang='lat' dir='ltr'>bonae</span> <span class='ocrx_word' id='word_1_171' title='bbox 2085 2038 2367 2098; x_wconf 79' lang='lat' dir='ltr'>eeclesiae</span> <span class='ocrx_word' id='word_1_172' title='bbox 2425 2035 2776 2114; x_wconf 75' lang='lat' dir='ltr'>disciplinae</span> 
     </span>
     <span class='ocr_line' id='line_1_22' title="bbox 531 2124 2774 2204; baseline -0 -19"><span class='ocrx_word' id='word_1_173' title='bbox 531 2146 652 2185; x_wconf 89' lang='lat' dir='ltr'>non</span> <span class='ocrx_word' id='word_1_174' title='bbox 696 2126 960 2203; x_wconf 88' lang='lat' dir='ltr'>paullum</span> <span class='ocrx_word' id='word_1_175' title='bbox 1003 2126 1257 2203; x_wconf 83' lang='lat' dir='ltr'>periculi</span> <span class='ocrx_word' id='word_1_176' title='bbox 1302 2126 1572 2200; x_wconf 83' lang='lat' dir='ltr'>afferent,</span> <span class='ocrx_word' id='word_1_177' title='bbox 1618 2126 1797 2203; x_wconf 87' lang='lat' dir='ltr'>idque</span> <span class='ocrx_word' id='word_1_178' title='bbox 1843 2147 1917 2187; x_wconf 79' lang='lat' dir='ltr'>ea</span> <span class='ocrx_word' id='word_1_179' title='bbox 1960 2127 2092 2204; x_wconf 88' lang='lat' dir='ltr'>ipsa</span> <span class='ocrx_word' id='word_1_180' title='bbox 2134 2126 2212 2184; x_wconf 88' lang='lat' dir='ltr'>de</span> <span class='ocrx_word' id='word_1_181' title='bbox 2258 2145 2454 2199; x_wconf 84' lang='lat' dir='ltr'>causa,</span> <span class='ocrx_word' id='word_1_182' title='bbox 2499 2124 2660 2201; x_wconf 88' lang='lat' dir='ltr'>quod</span> <span class='ocrx_word' id='word_1_183' title='bbox 2705 2132 2774 2184; x_wconf 91' lang='lat' dir='ltr'>ut</span> 
     </span>
     <span class='ocr_line' id='line_1_23' title="bbox 531 2212 2772 2293; baseline -0.001 -19"><span class='ocrx_word' id='word_1_184' title='bbox 531 2215 832 2292; x_wconf 82' lang='lat' dir='ltr'>peregrini</span> <span class='ocrx_word' id='word_1_185' title='bbox 874 2214 1002 2273; x_wconf 77' lang='lat' dir='ltr'>sive</span> <span class='ocrx_word' id='word_1_186' title='bbox 1047 2214 1112 2273; x_wconf 91' lang='lat' dir='ltr'>in</span> <span class='ocrx_word' id='word_1_187' title='bbox 1156 2215 1406 2276; x_wconf 76' lang='lat' dir='ltr'>desertis</span> <span class='ocrx_word' id='word_1_188' title='bbox 1451 2217 1726 2275; x_wconf 82' lang='lat' dir='ltr'>sedentes</span> <span class='ocrx_word' id='word_1_189' title='bbox 1771 2215 1896 2275; x_wconf 84' lang='lat' dir='ltr'>sive</span> <span class='ocrx_word' id='word_1_190' title='bbox 1927 2221 2149 2276; x_wconf 86' lang='lat' dir='ltr'>terram</span> <span class='ocrx_word' id='word_1_191' title='bbox 2195 2219 2582 2293; x_wconf 74' lang='lat' dir='ltr'>peragrantes</span> <span class='ocrx_word' id='word_1_192' title='bbox 2628 2212 2772 2290; x_wconf 77' lang='lat' dir='ltr'>legi·</span> 
     </span>
     <span class='ocr_line' id='line_1_24' title="bbox 533 2303 2774 2380; baseline -0.003 -15"><span class='ocrx_word' id='word_1_193' title='bbox 533 2304 696 2365; x_wconf 82' lang='lat' dir='ltr'>timis</span> <span class='ocrx_word' id='word_1_194' title='bbox 743 2303 1213 2363; x_wconf 87' lang='lat' dir='ltr'>necessitudinis.</span> <span class='ocrx_word' id='word_1_195' title='bbox 1239 2304 1532 2364; x_wconf 83' lang='lat' dir='ltr'>vinculis</span> <span class='ocrx_word' id='word_1_196' title='bbox 1555 2324 1689 2363; x_wconf 86' lang='lat' dir='ltr'>eum</span> <span class='ocrx_word' id='word_1_197' title='bbox 1748 2304 1993 2366; x_wconf 82' lang='lat' dir='ltr'>ecclesia</span> <span class='ocrx_word' id='word_1_198' title='bbox 2051 2304 2356 2380; x_wconf 87' lang='lat' dir='ltr'>conjuncti</span> <span class='ocrx_word' id='word_1_199' title='bbox 2406 2321 2528 2361; x_wconf 89' lang='lat' dir='ltr'>non</span> <span class='ocrx_word' id='word_1_200' title='bbox 2583 2306 2774 2373; x_wconf 86' lang='lat' dir='ltr'>erant,</span> 
     </span>
     <span class='ocr_line' id='line_1_25' title="bbox 533 2389 2771 2494; baseline -0.002 -42"><span class='ocrx_word' id='word_1_201' title='bbox 533 2392 916 2452; x_wconf 89' lang='lat' dir='ltr'>nihilominus</span> <span class='ocrx_word' id='word_1_202' title='bbox 962 2398 1162 2451; x_wconf 87' lang='lat' dir='ltr'>autem</span> <span class='ocrx_word' id='word_1_203' title='bbox 1207 2393 1538 2494; x_wconf 83' lang='lat' dir='ltr'>ministeria</span> <span class='ocrx_word' id='word_1_204' title='bbox 1594 2392 1994 2456; x_wconf 83' lang='lat' dir='ltr'>ecclesiastica</span> <span class='ocrx_word' id='word_1_205' title='bbox 2045 2411 2469 2469; x_wconf 77' lang='lat' dir='ltr'>nonnunquam</span> <span class='ocrx_word' id='word_1_206' title='bbox 2524 2389 2771 2449; x_wconf 87' lang='lat' dir='ltr'>admini-</span> 
     </span>
     <span class='ocr_line' id='line_1_26' title="bbox 531 2480 823 2540; baseline -0.004 0"><span class='ocrx_word' id='word_1_207' title='bbox 531 2480 823 2540; x_wconf 88' lang='lat' dir='ltr'>strabant.</span> 
     </span>
    </p>

    <p class='ocr_par' dir='ltr' id='par_1_4' title="bbox 531 2568 2776 3177">
     <span class='ocr_line' id='line_1_27' title="bbox 711 2568 2776 2646; baseline 0.001 -19"><span class='ocrx_word' id='word_1_208' title='bbox 711 2568 893 2628; x_wconf 83' lang='lat' dir='ltr'>Multi</span> <span class='ocrx_word' id='word_1_209' title='bbox 951 2568 1109 2627; x_wconf 92' lang='lat' dir='ltr'>enim</span> <span class='ocrx_word' id='word_1_210' title='bbox 1169 2570 1390 2629; x_wconf 89' lang='lat' dir='ltr'>saeculi</span> <span class='ocrx_word' id='word_1_211' title='bbox 1435 2569 1602 2629; x_wconf 87' lang='lat' dir='ltr'><strong>VIII</strong></span> <span class='ocrx_word' id='word_1_212' title='bbox 1635 2576 1711 2630; x_wconf 79' lang='lat' dir='ltr'>,et</span> <span class='ocrx_word' id='word_1_213' title='bbox 1753 2570 1856 2629; x_wconf 90' lang='lat' dir='ltr'>IX</span> <span class='ocrx_word' id='word_1_214' title='bbox 1914 2570 2284 2646; x_wconf 87' lang='lat' dir='ltr'>temporibus</span> <span class='ocrx_word' id='word_1_215' title='bbox 2343 2570 2414 2632; x_wconf 85' lang='lat' dir='ltr'>in</span> <span class='ocrx_word' id='word_1_216' title='bbox 2456 2568 2655 2630; x_wconf 75' lang='lat' dir='ltr'>Gallia</span> <span class='ocrx_word' id='word_1_217' title='bbox 2714 2574 2776 2629; x_wconf 85' lang='lat' dir='ltr'>et</span> 
     </span>
     <span class='ocr_line' id='line_1_28' title="bbox 535 2655 2774 2736; baseline -0.001 -19"><span class='ocrx_word' id='word_1_218' title='bbox 535 2655 858 2718; x_wconf 79' lang='lat' dir='ltr'>Germania</span> <span class='ocrx_word' id='word_1_219' title='bbox 904 2663 1224 2716; x_wconf 85' lang='lat' dir='ltr'>occurrunt</span> <span class='ocrx_word' id='word_1_220' title='bbox 1254 2657 1421 2718; x_wconf 84' lang='lat' dir='ltr'>Scoti</span> <span class='ocrx_word' id='word_1_221' title='bbox 1449 2658 1920 2735; x_wconf 78' lang='lat' dir='ltr'>peregrinantes,</span> <span class='ocrx_word' id='word_1_222' title='bbox 1961 2658 2066 2734; x_wconf 88' lang='lat' dir='ltr'>qui</span> <span class='ocrx_word' id='word_1_223' title='bbox 2097 2658 2508 2736; x_wconf 87' lang='lat' dir='ltr'>episcoporum</span> <span class='ocrx_word' id='word_1_224' title='bbox 2538 2657 2774 2716; x_wconf 90' lang='lat' dir='ltr'>nomine</span> 
     </span>
     <span class='ocr_line' id='line_1_29' title="bbox 531 2746 2773 2825; baseline 0 -20"><span class='ocrx_word' id='word_1_225' title='bbox 531 2746 1007 2824; x_wconf 86' lang='lat' dir='ltr'>appellabantur.</span> <span class='ocrx_word' id='word_1_226' title='bbox 1069 2746 1353 2820; x_wconf 75' lang='lat' dir='ltr'>Quorum,</span> <span class='ocrx_word' id='word_1_227' title='bbox 1400 2747 1671 2822; x_wconf 81' lang='lat' dir='ltr'>quamvis</span> <span class='ocrx_word' id='word_1_228' title='bbox 1716 2747 1894 2808; x_wconf 81' lang='lat' dir='ltr'>liceat</span> <span class='ocrx_word' id='word_1_229' title='bbox 1936 2753 2150 2824; x_wconf 84' lang='lat' dir='ltr'>putare</span> <span class='ocrx_word' id='word_1_230' title='bbox 2196 2748 2512 2810; x_wconf 82' lang='lat' dir='ltr'>nonnullos</span> <span class='ocrx_word' id='word_1_231' title='bbox 2552 2746 2773 2825; x_wconf 81' lang='lat' dir='ltr'>episco-</span> 
     </span>
     <span class='ocr_line' id='line_1_30' title="bbox 534 2834 2774 2913; baseline 0.002 -22"><span class='ocrx_word' id='word_1_232' title='bbox 534 2835 731 2911; x_wconf 88' lang='lat' dir='ltr'>palem</span> <span class='ocrx_word' id='word_1_233' title='bbox 775 2834 1129 2910; x_wconf 82' lang='lat' dir='ltr'>dignitatem</span> <span class='ocrx_word' id='word_1_234' title='bbox 1175 2841 1417 2912; x_wconf 86' lang='lat' dir='ltr'>praeter</span> <span class='ocrx_word' id='word_1_235' title='bbox 1453 2839 1555 2912; x_wconf 85' lang='lat' dir='ltr'>jus</span> <span class='ocrx_word' id='word_1_236' title='bbox 1587 2856 1919 2913; x_wconf 84' lang='lat' dir='ltr'>usurpasse,</span> <span class='ocrx_word' id='word_1_237' title='bbox 1965 2841 2169 2895; x_wconf 90' lang='lat' dir='ltr'>tamen</span> <span class='ocrx_word' id='word_1_238' title='bbox 2214 2838 2498 2910; x_wconf 82' lang='lat' dir='ltr'>majorem</span> <span class='ocrx_word' id='word_1_239' title='bbox 2544 2842 2774 2912; x_wconf 84' lang='lat' dir='ltr'>partem</span> 
     </span>
     <span class='ocr_line' id='line_1_31' title="bbox 534 2923 2773 3003; baseline 0.001 -24"><span class='ocrx_word' id='word_1_240' title='bbox 534 2942 599 2980; x_wconf 86' lang='lat' dir='ltr'>re</span> <span class='ocrx_word' id='word_1_241' title='bbox 659 2942 802 2980; x_wconf 86' lang='lat' dir='ltr'>vera</span> <span class='ocrx_word' id='word_1_242' title='bbox 862 2923 1171 3001; x_wconf 86' lang='lat' dir='ltr'>episcopos</span> <span class='ocrx_word' id='word_1_243' title='bbox 1230 2923 1412 2983; x_wconf 84' lang='lat' dir='ltr'>fuisse</span> <span class='ocrx_word' id='word_1_244' title='bbox 1473 2923 1766 2983; x_wconf 86' lang='lat' dir='ltr'>existimo.</span> <span class='ocrx_word' id='word_1_245' title='bbox 1867 2925 2025 2985; x_wconf 85' lang='lat' dir='ltr'>Nam</span> <span class='ocrx_word' id='word_1_246' title='bbox 2093 2944 2274 3002; x_wconf 88' lang='lat' dir='ltr'>supra</span> <span class='ocrx_word' id='word_1_247' title='bbox 2333 2926 2416 3003; x_wconf 88' lang='lat' dir='ltr'>(p.</span> <span class='ocrx_word' id='word_1_248' title='bbox 2486 2924 2598 3000; x_wconf 85' lang='lat'>64)</span> <span class='ocrx_word' id='word_1_249' title='bbox 2649 2928 2773 2999; x_wconf 84' lang='lat' dir='ltr'>jam</span> 
     </span>
     <span class='ocr_line' id='line_1_32' title="bbox 535 3010 2771 3090; baseline 0 -20"><span class='ocrx_word' id='word_1_250' title='bbox 535 3010 791 3070; x_wconf 82' lang='lat' dir='ltr'>vidimus</span> <span class='ocrx_word' id='word_1_251' title='bbox 836 3031 1280 3088; x_wconf 88' lang='lat' dir='ltr'>nonnumquam</span> <span class='ocrx_word' id='word_1_252' title='bbox 1326 3012 1486 3089; x_wconf 88' lang='lat' dir='ltr'>apud</span> <span class='ocrx_word' id='word_1_253' title='bbox 1527 3011 1736 3072; x_wconf 81' lang='lat' dir='ltr'>Scotos</span> <span class='ocrx_word' id='word_1_254' title='bbox 1780 3012 2202 3090; x_wconf 82' lang='lat' dir='ltr'>peregrinandi</span> <span class='ocrx_word' id='word_1_255' title='bbox 2247 3033 2424 3073; x_wconf 87' lang='lat' dir='ltr'>causa</span> <span class='ocrx_word' id='word_1_256' title='bbox 2469 3013 2771 3090; x_wconf 85' lang='lat' dir='ltr'>episcopos</span> 
     </span>
     <span class='ocr_line' id='line_1_33' title="bbox 534 3099 1908 3201; baseline 0.004 -43"><span class='ocrx_word' id='word_1_257' title='bbox 534 3119 572 3158; x_wconf 88' lang='lat' dir='ltr'>a</span> <span class='ocrx_word' id='word_1_258' title='bbox 616 3099 874 3176; x_wconf 84' lang='lat' dir='ltr'>negotiis</span> <span class='ocrx_word' id='word_1_259' title='bbox 920 3100 1353 3201; x_wconf 85' lang='lat' dir='ltr'>episcopalibus</span> <span class='ocrx_word' id='word_1_260' title='bbox 1398 3120 1526 3160; x_wconf 90' lang='lat' dir='ltr'>sese</span> <span class='ocrx_word' id='word_1_261' title='bbox 1572 3102 1908 3164; x_wconf 77' lang='lat' dir='ltr'>removi-sse</span> 
     </span>
    </p>

    <p class='ocr_par' dir='ltr' id='par_1_5' title="bbox 450 3155 2770 4334">
     <span class='ocr_line' id='line_1_34' title="bbox 716 3155 2768 3267; baseline 0 -20"><span class='ocrx_word' id='word_1_262' title='bbox 716 3189 836 3262; x_wconf 74' lang='lat' dir='ltr'>Qui</span> <span class='ocrx_word' id='word_1_263' title='bbox 882 3189 1147 3267; x_wconf 86' lang='lat' dir='ltr'>episcopi</span> <span class='ocrx_word' id='word_1_264' title='bbox 1205 3189 1258 3247; x_wconf 89' lang='lat' dir='ltr'>si</span> <span class='ocrx_word' id='word_1_265' title='bbox 1300 3189 1364 3245; x_wconf 88' lang='lat' dir='ltr'>in</span> <span class='ocrx_word' id='word_1_266' title='bbox 1412 3188 1616 3248; x_wconf 84' lang='lat' dir='ltr'>Gallia</span> <span class='ocrx_word' id='word_1_267' title='bbox 1675 3189 2111 3267; x_wconf 81' lang='lat' dir='ltr'>episcopalibus</span> <span class='ocrx_word' id='word_1_268' title='bbox 2169 3191 2412 3250; x_wconf 88' lang='lat' dir='ltr'>sedibus</span> <span class='ocrx_word' id='word_1_269' title='bbox 2471 3155 2768 3266; x_wconf 86' lang='lat' dir='ltr'>praesules</span> 
     </span>
     <span class='ocr_line' id='line_1_35' title="bbox 536 3276 2770 3356; baseline 0.001 -21"><span class='ocrx_word' id='word_1_270' title='bbox 536 3277 683 3336; x_wconf 86' lang='lat' dir='ltr'>facti</span> <span class='ocrx_word' id='word_1_271' title='bbox 728 3284 941 3349; x_wconf 86' lang='lat' dir='ltr'>essent,</span> <span class='ocrx_word' id='word_1_272' title='bbox 988 3276 1420 3339; x_wconf 84' lang='lat' dir='ltr'>ecclesiasticae</span> <span class='ocrx_word' id='word_1_273' title='bbox 1464 3277 1814 3356; x_wconf 86' lang='lat' dir='ltr'>disciplinae</span> <span class='ocrx_word' id='word_1_274' title='bbox 1860 3278 1945 3335; x_wconf 90' lang='lat' dir='ltr'>nil</span> <span class='ocrx_word' id='word_1_275' title='bbox 1989 3279 2192 3337; x_wconf 84' lang='lat' dir='ltr'>damni</span> <span class='ocrx_word' id='word_1_276' title='bbox 2222 3280 2581 3342; x_wconf 79' lang='lat' dir='ltr'>attulissent.</span> <span class='ocrx_word' id='word_1_277' title='bbox 2655 3276 2770 3337; x_wconf 85' lang='lat' dir='ltr'>Sed</span> 
     </span>
     <span class='ocr_line' id='line_1_36' title="bbox 537 3364 2769 3445; baseline 0.001 -23"><span class='ocrx_word' id='word_1_278' title='bbox 537 3364 852 3442; x_wconf 88' lang='lat' dir='ltr'>quominus</span> <span class='ocrx_word' id='word_1_279' title='bbox 896 3366 1009 3423; x_wconf 91' lang='lat' dir='ltr'>hoc</span> <span class='ocrx_word' id='word_1_280' title='bbox 1052 3365 1251 3438; x_wconf 85' lang='lat' dir='ltr'>fieret,</span> <span class='ocrx_word' id='word_1_281' title='bbox 1296 3386 1368 3425; x_wconf 87' lang='lat' dir='ltr'>ea</span> <span class='ocrx_word' id='word_1_282' title='bbox 1420 3366 1556 3444; x_wconf 85' lang='lat' dir='ltr'>ipsa</span> <span class='ocrx_word' id='word_1_283' title='bbox 1607 3386 1702 3425; x_wconf 88' lang='lat' dir='ltr'>res</span> <span class='ocrx_word' id='word_1_284' title='bbox 1747 3366 2082 3444; x_wconf 86' lang='lat' dir='ltr'>impedivit,</span> <span class='ocrx_word' id='word_1_285' title='bbox 2143 3367 2303 3444; x_wconf 88' lang='lat' dir='ltr'>quod</span> <span class='ocrx_word' id='word_1_286' title='bbox 2360 3365 2769 3445; x_wconf 84' lang='lat' dir='ltr'>peregrinandi</span> 
     </span>
     <span class='ocr_line' id='line_1_37' title="bbox 539 3453 2768 3533; baseline 0 -20"><span class='ocrx_word' id='word_1_287' title='bbox 539 3472 732 3526; x_wconf 87' lang='lat' dir='ltr'>causa,</span> <span class='ocrx_word' id='word_1_288' title='bbox 763 3458 833 3510; x_wconf 91' lang='lat' dir='ltr'>ut</span> <span class='ocrx_word' id='word_1_289' title='bbox 861 3453 1208 3513; x_wconf 70' lang='lat' dir='ltr'>&#39;recederent</span> <span class='ocrx_word' id='word_1_290' title='bbox 1238 3475 1269 3512; x_wconf 90' lang='lat' dir='ltr'>e</span> <span class='ocrx_word' id='word_1_291' title='bbox 1300 3454 1537 3525; x_wconf 88' lang='lat' dir='ltr'>mundo,</span> <span class='ocrx_word' id='word_1_292' title='bbox 1570 3455 1826 3532; x_wconf 86' lang='lat' dir='ltr'>patriam</span> <span class='ocrx_word' id='word_1_293' title='bbox 1849 3455 2245 3532; x_wconf 80' lang='lat' dir='ltr'>reliquerant3</span> <span class='ocrx_word' id='word_1_294' title='bbox 2275 3476 2469 3532; x_wconf 83' lang='lat' dir='ltr'>neque</span> <span class='ocrx_word' id='word_1_295' title='bbox 2493 3454 2768 3533; x_wconf 83' lang='lat' dir='ltr'>exemplis</span> 
     </span>
     <span class='ocr_line' id='line_1_38' title="bbox 450 3541 2764 3619; baseline 0.001 -19"><span class='ocrx_word' id='word_1_296' title='bbox 450 3578 454 3582; x_wconf 88' lang='lat'>-</span> <span class='ocrx_word' id='word_1_297' title='bbox 539 3541 732 3600; x_wconf 84' lang='lat' dir='ltr'>adhuc</span> <span class='ocrx_word' id='word_1_298' title='bbox 779 3543 1228 3619; x_wconf 86' lang='lat' dir='ltr'>comprobatum</span> <span class='ocrx_word' id='word_1_299' title='bbox 1275 3551 1366 3601; x_wconf 91' lang='lat' dir='ltr'>est</span> <span class='ocrx_word' id='word_1_300' title='bbox 1420 3563 1684 3619; x_wconf 88' lang='lat' dir='ltr'>unquam</span> <span class='ocrx_word' id='word_1_301' title='bbox 1738 3543 1889 3603; x_wconf 88' lang='lat' dir='ltr'>illud</span> <span class='ocrx_word' id='word_1_302' title='bbox 1935 3564 2060 3604; x_wconf 88' lang='lat' dir='ltr'>esse</span> <span class='ocrx_word' id='word_1_303' title='bbox 2104 3546 2345 3603; x_wconf 87' lang='lat' dir='ltr'>factum.</span> <span class='ocrx_word' id='word_1_304' title='bbox 2406 3545 2562 3612; x_wconf 84' lang='lat' dir='ltr'>Nam</span> <span class='ocrx_word' id='word_1_305' title='bbox 2592 3544 2764 3604; x_wconf 85' lang='lat' dir='ltr'>Hart-</span> 
     </span>
     <span class='ocr_line' id='line_1_39' title="bbox 538 3629 2764 3712; baseline 0.001 -22"><span class='ocrx_word' id='word_1_306' title='bbox 538 3629 783 3706; x_wconf 79' lang='lat' dir='ltr'>tungius</span> <span class='ocrx_word' id='word_1_307' title='bbox 828 3650 962 3688; x_wconf 88' lang='lat' dir='ltr'>cum</span> <span class='ocrx_word' id='word_1_308' title='bbox 1007 3631 1224 3689; x_wconf 90' lang='lat' dir='ltr'>multos</span> <span class='ocrx_word' id='word_1_309' title='bbox 1278 3631 1342 3689; x_wconf 87' lang='lat' dir='ltr'>in</span> <span class='ocrx_word' id='word_1_310' title='bbox 1387 3630 1592 3692; x_wconf 81' lang='lat' dir='ltr'>Gallia</span> <span class='ocrx_word' id='word_1_311' title='bbox 1633 3632 2003 3710; x_wconf 84' lang='lat' dir='ltr'>parochiales</span> <span class='ocrx_word' id='word_1_312' title='bbox 2057 3633 2364 3712; x_wconf 84' lang='lat' dir='ltr'>episcopos</span> <span class='ocrx_word' id='word_1_313' title='bbox 2418 3633 2493 3692; x_wconf 87' lang='lat' dir='ltr'>de</span> <span class='ocrx_word' id='word_1_314' title='bbox 2539 3633 2764 3692; x_wconf 88' lang='lat' dir='ltr'>natione</span> 
     </span>
     <span class='ocr_line' id='line_1_40' title="bbox 540 3716 2765 3798; baseline 0.001 -22"><span class='ocrx_word' id='word_1_315' title='bbox 540 3716 856 3777; x_wconf 86' lang='lat' dir='ltr'>Scotorum</span> <span class='ocrx_word' id='word_1_316' title='bbox 900 3719 1085 3777; x_wconf 85' lang='lat' dir='ltr'>fuisse</span> <span class='ocrx_word' id='word_1_317' title='bbox 1129 3718 1389 3779; x_wconf 86' lang='lat' dir='ltr'>affirmat</span> <span class='ocrx_word' id='word_1_318' title='bbox 1434 3722 1515 3797; x_wconf 89' lang='lat' dir='ltr'>(p.</span> <span class='ocrx_word' id='word_1_319' title='bbox 1562 3721 1644 3779; x_wconf 79' lang='lat'>32</span> <span class='ocrx_word' id='word_1_320' title='bbox 1695 3724 1844 3798; x_wconf 88' lang='lat' dir='ltr'>not.)</span> <span class='ocrx_word' id='word_1_321' title='bbox 1890 3721 2007 3780; x_wconf 91' lang='lat' dir='ltr'>alio</span> <span class='ocrx_word' id='word_1_322' title='bbox 2055 3728 2300 3786; x_wconf 86' lang='lat' dir='ltr'>auctore</span> <span class='ocrx_word' id='word_1_323' title='bbox 2345 3722 2461 3782; x_wconf 85' lang='lat' dir='ltr'>nisi</span> <span class='ocrx_word' id='word_1_324' title='bbox 2505 3720 2765 3780; x_wconf 82' lang='lat' dir='ltr'>Ebrardo</span> 
     </span>
     <span class='ocr_line' id='line_1_41' title="bbox 539 3807 2767 3888; baseline 0.002 -24"><span class='ocrx_word' id='word_1_325' title='bbox 539 3827 660 3865; x_wconf 92' lang='lat' dir='ltr'>non</span> <span class='ocrx_word' id='word_1_326' title='bbox 721 3807 939 3878; x_wconf 87' lang='lat' dir='ltr'>utitur,</span> <span class='ocrx_word' id='word_1_327' title='bbox 1002 3808 1104 3866; x_wconf 87' lang='lat' dir='ltr'>sed</span> <span class='ocrx_word' id='word_1_328' title='bbox 1160 3808 1261 3867; x_wconf 92' lang='lat' dir='ltr'>ille</span> <span class='ocrx_word' id='word_1_329' title='bbox 1325 3828 1393 3866; x_wconf 89' lang='lat' dir='ltr'>eo</span> <span class='ocrx_word' id='word_1_330' title='bbox 1453 3810 1609 3882; x_wconf 88' lang='lat' dir='ltr'>loco,</span> <span class='ocrx_word' id='word_1_331' title='bbox 1674 3811 1750 3868; x_wconf 86' lang='lat' dir='ltr'>ad</span> <span class='ocrx_word' id='word_1_332' title='bbox 1810 3830 1984 3886; x_wconf 90' lang='lat' dir='ltr'>quem</span> <span class='ocrx_word' id='word_1_333' title='bbox 2030 3810 2435 3888; x_wconf 83' lang='lat' dir='ltr'>Harttungius</span> <span class='ocrx_word' id='word_1_334' title='bbox 2493 3815 2767 3887; x_wconf 84' lang='lat' dir='ltr'>provocat</span> 
     </span>
     <span class='ocr_line' id='line_1_42' title="bbox 540 3894 2766 3976; baseline 0.003 -25"><span class='ocrx_word' id='word_1_335' title='bbox 540 3897 652 3971; x_wconf 90' lang='lat'>(==</span> <span class='ocrx_word' id='word_1_336' title='bbox 700 3894 923 3954; x_wconf 87' lang='lat' dir='ltr'>Irosoh.</span> <span class='ocrx_word' id='word_1_337' title='bbox 969 3897 1476 3970; x_wconf 81' lang='lat' dir='ltr'>Missionskirche,</span> <span class='ocrx_word' id='word_1_338' title='bbox 1542 3919 1600 3976; x_wconf 87' lang='lat' dir='ltr'>p.</span> <span class='ocrx_word' id='word_1_339' title='bbox 1655 3899 1778 3958; x_wconf 90' lang='lat'>175</span> <span class='ocrx_word' id='word_1_340' title='bbox 1838 3902 1949 3975; x_wconf 90' lang='lat' dir='ltr'>sq.)</span> <span class='ocrx_word' id='word_1_341' title='bbox 2010 3898 2267 3962; x_wconf 85' lang='lat' dir='ltr'>Culdeos</span> <span class='ocrx_word' id='word_1_342' title='bbox 2327 3900 2457 3960; x_wconf 87' lang='lat' dir='ltr'>vult</span> <span class='ocrx_word' id='word_1_343' title='bbox 2513 3897 2766 3975; x_wconf 80' lang='lat' dir='ltr'>intellegi</span> 
     </span>
     <span class='ocr_line' id='line_1_43' title="bbox 541 3984 2765 4061; baseline 0.001 -19"><span class='ocrx_word' id='word_1_344' title='bbox 541 4003 667 4057; x_wconf 85' lang='lat' dir='ltr'>eos,</span> <span class='ocrx_word' id='word_1_345' title='bbox 734 3984 838 4061; x_wconf 90' lang='lat' dir='ltr'>qui</span> <span class='ocrx_word' id='word_1_346' title='bbox 899 3984 1023 4043; x_wconf 89' lang='lat' dir='ltr'>sive</span> <span class='ocrx_word' id='word_1_347' title='bbox 1071 3984 1233 4044; x_wconf 78' lang='lat' dir='ltr'>Galli</span> <span class='ocrx_word' id='word_1_348' title='bbox 1293 3986 1429 4045; x_wconf 79' lang='lat' dir='ltr'>sive·</span> <span class='ocrx_word' id='word_1_349' title='bbox 1480 3984 1648 4045; x_wconf 85' lang='lat' dir='ltr'>Scoti</span> <span class='ocrx_word' id='word_1_350' title='bbox 1716 3993 1889 4046; x_wconf 87' lang='lat' dir='ltr'>erant</span> <span class='ocrx_word' id='word_1_351' title='bbox 1947 3986 2309 4047; x_wconf 85' lang='lat' dir='ltr'>Culdeorum</span> <span class='ocrx_word' id='word_1_352' title='bbox 2378 3988 2656 4047; x_wconf 84' lang='lat' dir='ltr'>ecclesiae</span> <span class='ocrx_word' id='word_1_353' title='bbox 2710 3987 2765 4046; x_wconf 87' lang='lat' dir='ltr'>in</span> 
     </span>
     <span class='ocr_line' id='line_1_44' title="bbox 542 4072 2764 4154; baseline 0.001 -24"><span class='ocrx_word' id='word_1_354' title='bbox 542 4072 827 4131; x_wconf 86' lang='lat' dir='ltr'>societate</span> <span class='ocrx_word' id='word_1_355' title='bbox 884 4079 1057 4132; x_wconf 87' lang='lat' dir='ltr'>erant</span> <span class='ocrx_word' id='word_1_356' title='bbox 1105 4075 1200 4148; x_wconf 89' lang='lat' dir='ltr'>(cf.</span> <span class='ocrx_word' id='word_1_357' title='bbox 1248 4073 1514 4147; x_wconf 84' lang='lat' dir='ltr'>Ebrard,</span> <span class='ocrx_word' id='word_1_358' title='bbox 1574 4095 1631 4152; x_wconf 89' lang='lat' dir='ltr'>p.</span> <span class='ocrx_word' id='word_1_359' title='bbox 1686 4077 1793 4146; x_wconf 86' lang='lat'>18,</span> <span class='ocrx_word' id='word_1_360' title='bbox 1839 4081 1960 4138; x_wconf 88' lang='lat' dir='ltr'>not.</span> <span class='ocrx_word' id='word_1_361' title='bbox 2015 4076 2094 4134; x_wconf 85' lang='lat'>18</span> <span class='ocrx_word' id='word_1_362' title='bbox 2143 4082 2204 4134; x_wconf 91' lang='lat' dir='ltr'>et</span> <span class='ocrx_word' id='word_1_363' title='bbox 2249 4097 2306 4154; x_wconf 91' lang='lat' dir='ltr'>p.</span> <span class='ocrx_word' id='word_1_364' title='bbox 2355 4076 2530 4152; x_wconf 78' lang='lat'>285),</span> <span class='ocrx_word' id='word_1_365' title='bbox 2592 4094 2764 4153; x_wconf 83' lang='lat' dir='ltr'>neque</span> 
     </span>
     <span class='ocr_line' id='line_1_45' title="bbox 542 4160 2763 4239; baseline 0.003 -21"><span class='ocrx_word' id='word_1_366' title='bbox 542 4160 669 4237; x_wconf 89' lang='lat' dir='ltr'>ipse</span> <span class='ocrx_word' id='word_1_367' title='bbox 716 4181 941 4232; x_wconf 90' lang='lat' dir='ltr'>omnes,</span> <span class='ocrx_word' id='word_1_368' title='bbox 1006 4181 1154 4239; x_wconf 80' lang='lat' dir='ltr'>quos</span> <span class='ocrx_word' id='word_1_369' title='bbox 1215 4163 1510 4236; x_wconf 86' lang='lat' dir='ltr'>nominat,</span> <span class='ocrx_word' id='word_1_370' title='bbox 1574 4164 1814 4222; x_wconf 87' lang='lat' dir='ltr'>natione</span> <span class='ocrx_word' id='word_1_371' title='bbox 1864 4162 2071 4223; x_wconf 81' lang='lat' dir='ltr'>Gallos</span> <span class='ocrx_word' id='word_1_372' title='bbox 2125 4164 2304 4224; x_wconf 87' lang='lat' dir='ltr'>fuisse</span> <span class='ocrx_word' id='word_1_373' title='bbox 2368 4164 2590 4223; x_wconf 87' lang='lat' dir='ltr'>infitias</span> <span class='ocrx_word' id='word_1_374' title='bbox 2649 4166 2763 4224; x_wconf 86' lang='lat' dir='ltr'>iret.</span> 
     </span>
     <span class='ocr_line' id='line_1_46' title="bbox 541 4249 2767 4334; baseline 0.002 -26"><span class='ocrx_word' id='word_1_375' title='bbox 541 4249 973 4314; x_wconf 81' lang='lat' dir='ltr'>Mummolenus</span> <span class='ocrx_word' id='word_1_376' title='bbox 1020 4270 1273 4328; x_wconf 90' lang='lat' dir='ltr'>quoque,</span> <span class='ocrx_word' id='word_1_377' title='bbox 1303 4252 1362 4313; x_wconf 89' lang='lat' dir='ltr'>N</span> <span class='ocrx_word' id='word_1_378' title='bbox 1365 4252 1716 4316; x_wconf 85' lang='lat' dir='ltr'>oviomensis</span> <span class='ocrx_word' id='word_1_379' title='bbox 1763 4252 1832 4330; x_wconf 85' lang='lat'>(†</span> <span class='ocrx_word' id='word_1_380' title='bbox 1868 4254 2039 4330; x_wconf 86' lang='lat'>664),</span> <span class='ocrx_word' id='word_1_381' title='bbox 2087 4274 2261 4330; x_wconf 90' lang='lat' dir='ltr'>quem</span> <span class='ocrx_word' id='word_1_382' title='bbox 2291 4251 2513 4334; x_wconf 70' lang='lat' dir='ltr'>oriyine</span> <span class='ocrx_word' id='word_1_383' title='bbox 2543 4250 2767 4313; x_wconf 77' lang='lat' dir='ltr'>Scotum</span> 
     </span>
    </p>
   </div>
  </div>
 </body>
</html>
