3025 4909
642 493 673 510 '‘
703 517 842 575 app.
888 518 946 574 p.
993 496 1189 557 XVII
1235 516 1321 573 sq.

618 588 674 646 3.
706 587 887 645 Dicta
930 586 1205 658 Patricii,
1270 606 1422 662 quae
1481 584 1573 643 his
1630 585 1827 644 verbis
1873 585 2097 662 scripta
2142 590 2311 644 sunt:
2379 582 2696 644 Timorem
2756 582 2874 643 dei

703 672 886 733 habui
927 674 1137 734 ducem
1179 672 1397 733 itineris
1441 672 1559 732 mei
1590 692 1706 756 per
1754 668 1986 735 Gallias
2031 682 2201 755 atque
2248 670 2495 733 Italiam
2542 672 2749 733 etiam
2796 672 2868 730 in

702 762 919 835 insolis,
965 783 1114 845 quae
1159 772 1290 822 sum
1332 762 1396 822 in
1424 761 1586 821 mari
1623 760 1889 822 Teo-reno.
1967 757 2066 823 De
2096 759 2325 823 saeculo
2354 761 2724 842 requie-sistis
2762 756 2862 842 (ἓ)

703 851 787 912 ad
830 849 1227 912 Paradissum
1272 851 1381 912 deo
1423 850 1651 932 qratia&
1695 848 1970 912 aecclesia
2016 848 2328 911 Scotorum
2371 850 2556 910 immo
2590 848 2857 911 Roma-

700 960 913 1002 norum
928 986 942 1015 ,
1004 949 1067 1000 ut
1116 938 1437 1000 Christiani
1465 938 1576 998 ·ita
1633 948 1696 999 ut
1742 936 2010 1000 Romani
2065 939 2188 1000 sitis
2243 948 2303 1000 et
2349 947 2548 1000 cetera
2598 941 2860 999 leviora

703 1030 984 1106 (Betham
1031 1030 1116 1104 II,
1163 1051 1300 1109 app.
1346 1051 1404 1107 p.
1451 1028 1728 1105 XVIII).

616 1120 673 1177 4.
710 1118 1026 1177 Tirechani
1072 1119 1488 1178 annotationes
1521 1118 1802 1194 (Betham
1846 1118 1885 1176 l.
1934 1139 1981 1176 c.
2013 1140 2068 1196 p.
2102 1118 2751 1179 XVIII-XXXIV
2776 1116 2854 1200 ¹),

702 1227 847 1289 quas
877 1206 1107 1288 scripsit
1146 1227 1217 1267 em
1247 1226 1346 1268 ore
1378 1203 1463 1266 vel
1491 1203 1638 1266 libro
1679 1202 1885 1265 Ultam‘
1912 1205 2167 1287 qn'scopi
2193 1204 2359 1288 cujus
2388 1206 2512 1292 ipse
2540 1204 2854 1265 alumnus

703 1293 795 1356 vel
841 1294 1159 1377 discipzdus
1188 1293 1316 1380 fuit
1362 1297 1423 1372 (l.
1456 1318 1502 1355 c.
1536 1317 1594 1373 p.
1626 1296 1858 1355 XVIII
1905 1297 1977 1354 cf.
2025 1297 2087 1355 in
2133 1296 2279 1374 ipsis
2325 1296 2852 1355 annotationibus

701 1407 759 1464 p.
791 1384 960 1443 XIX
1005 1393 1282 1457 „testante
1324 1381 1472 1444 mila·
1509 1380 1723 1445 Ultano
1768 1383 2123 1467 episcopm).
2199 1387 2334 1444 Hae
2381 1386 2850 1458 annotationeS,

702 1475 754 1533 si
814 1474 961 1533 fides
1021 1475 1138 1552 ipsi
1198 1475 1431 1533 auctori
1485 1480 1578 1533 est
1632 1473 1929 1547 habenda,
1992 1495 2124 1532 oum
2170 1475 2430 1533 Ultanus
2477 1494 2637 1533 anno
2693 1474 2844 1531 657

701 1563 918 1622 obiisse
963 1563 1242 1622 tradatur
1272 1562 1495 1640 (Skene
1526 1563 1613 1637 II,
1658 1585 1716 1642 p.
1752 1563 1880 1621 425
1921 1555 2050 1622 not.
2089 1564 2213 1641 13),
2261 1563 2467 1621 eodem
2510 1564 2637 1621 fere
2671 1569 2842 1621 tem·

702 1672 846 1731 pore
893 1653 1264 1730 conscriptae
1311 1661 1466 1726 sunt,
1515 1673 1632 1730 quo
1662 1652 1958 1711 Muirchui
2004 1654 2130 1713 vita
2160 1653 2384 1729 scripta
2417 1672 2543 1710 esse
2573 1651 2839 1709 dicitur.

701 1742 909 1816 Neque
956 1742 1272 1818 quicquam
1319 1742 1621 1815 habemus,
1667 1762 1772 1800 cur
1818 1742 2048 1799 auctori
2094 1742 2271 1800 fidem
2312 1741 2671 1818 abrogemus
2706 1742 2840 1799 nisi

702 1830 849 1888 illud
892 1851 949 1907 p.
981 1830 1174 1889 XIX:
1221 1851 1261 1889 a
1298 1830 1574 1913 passione
1619 1839 1813 1890 amem
1856 1826 2080 1889 Christi
2121 1826 2477 1910 colloquatur
2522 1828 2673 1888 anni
2702 1832 2837 1889 436

698 1937 876 1999 usque
920 1918 1005 1979 ad
1047 1928 1294 1979 mortem
1340 1917 1604 1979 Patm‘ciz'.
1680 1917 1783 1977 An
1830 1926 2083 1978 exeunte
2129 1919 2361 1978 saeculo
2408 1918 2664 1997 septimo
2709 1919 2831 1976 Hi-

700 2009 916 2067 bernos
984 2009 1091 2067 tali
1149 2015 1482 2088 temporum
1544 2008 1941 2085 descriptione
2001 2029 2138 2092 usos
2204 2030 2329 2067 esse
2382 2007 2602 2085 putas?
2700 2008 2829 2067 Sed

703 2096 846 2173 qnid
894 2098 1110 2170 obstat,
1159 2099 1472 2174 quominus
1518 2103 1792 2175 putemus
1838 2097 2072 2172 adjecta
2117 2118 2243 2156 esse
2275 2099 2459 2156 verba
2498 2097 2602 2154 illa
2636 2098 2718 2155 ab
2751 2118 2825 2154 eo

701 2185 806 2261 qui
848 2184 1591 2245 librum-Ardmachanum
1637 2186 2031 2264 conscripsit?
2108 2186 2300 2244 Immo
2348 2206 2481 2245 cum
2527 2187 2824 2245 sermonis

701 2281 1045 2334 contextum
1092 2275 1447 2348 discindant,
1485 2296 1604 2353 pro
1653 2280 1815 2333 certo
1862 2296 1957 2334 res
2002 2275 2275 2335 habenda
2323 2281 2428 2334 est.

660 2408 672 2421 .
704 2364 1038 2423 Petitiones
1083 2364 1352 2423 Patricii.
1444 2364 1700 2423 Betham
1745 2365 1785 2422 l.
1833 2385 1881 2422 c.
1927 2386 1985 2442 p.
2032 2364 2310 2424 XXXV.

712 2451 942 2527 „Aetas
964 2453 1255 2511 Patricii“
1288 2486 1372 2497 -
1397 2453 1585 2531 ipsius
1610 2453 1781 2512 annis
1805 2454 2104 2531 descripta
2126 2454 2236 2512 hoc
2260 2453 2459 2512 modo:
2504 2449 2647 2511 VII
2659 2474 2819 2532 anuo

702 2538 1029 2619 baptizatus
1073 2549 1172 2611 est,
1224 2537 1295 2599 X
1336 2561 1490 2601 anno
1537 2549 1740 2623 captus
1786 2549 1896 2602 etc.
1943 2543 2200 2602 Betham
2247 2544 2285 2600 l.
2333 2563 2380 2601 c.
2424 2563 2485 2620 p.
2533 2542 2814 2602 XXXV.

699 2629 869 2688 Haec
914 2631 1095 2689 verba
1134 2665 1208 2673 —
1244 2631 1407 2707 apud
1437 2630 1818 2689 Bethamium
1865 2631 1904 2687 l.
1936 2653 1981 2689 c.
2014 2652 2071 2708 p.
2104 2630 2364 2691 XXXV
2397 2651 2598 2689 errore
2639 2639 2814 2709 typo·

617 2363 673 2511 ‚men

699 2718 984 2795 graphice
1039 2719 1283 2796 insuper
1329 2726 1610 2797 corrupta
1657 2719 1727 2777 cf.
1773 2718 2029 2779 Betham
2076 2720 2163 2794 II,
2208 2743 2266 2799 p.
2317 2720 2442 2778 386
2500 2754 2575 2764 —-
2628 2742 2664 2778 a
2711 2721 2812 2778 Ti-

582 2837 593 2846 ·
698 2806 952 2865 rechano
998 2813 1185 2866 certo'
1211 2808 1545 2886 conscripta
1590 2828 1708 2865 non
1754 2814 1910 2883 sunt,
1958 2809 2097 2886 quia
2142 2814 2481 2886 repugnant
2520 2810 2610 2882 iis,
2660 2830 2812 2886 quae

697 2896 762 2952 in
790 2895 939 2973 ipsis
969 2897 1454 2956 annotationibus
1487 2896 1853 2955 Tirechanus
1885 2898 2138 2976 scripsit.
2208 2899 2363 2958 Nam
2392 2897 2489 2955 hic
2523 2899 2809 2975 scriptum

700 2990 791 3043 est
845 2986 968 3055 „72
1023 3005 1208 3045 annos
1261 2984 1497 3045 domist
1544 2980 1642 3062 (cf.
1686 2984 1944 3045 Betham
1989 2985 2076 3060 II,
2131 3008 2189 3065 p.
2240 2987 2412 3062 386),
2468 2987 2593 3045 illic
2641 2987 2807 3046 Tire-

699 3073 921 3132 chanus
966 3076 1152 3133 refert
1198 3077 1282 3153 (p.
1330 3074 1523 3152 XIX)
1569 3075 1901 3133 Patricium
1946 3076 2006 3134 in
2039 3075 2396 3133 Hiberniam
2443 3076 2674 3134 venisse
2718 3098 2803 3134 se-

699 3161 890 3222 cundo
937 3163 1096 3240 regis
1126 3164 1373 3242 Logairi
1419 3184 1576 3223 anno
1622 3170 1684 3222 et
1730 3170 2026 3222 mort-uum
2073 3184 2198 3223 esse
2245 3164 2477 3223 duobus
2509 3166 2605 3224 vel
2638 3165 2802 3241 quin-

696 3272 811 3330 que
872 3254 1045 3312 annis
1105 3260 1244 3313 ante
1305 3253 1553 3312 eundem
1615 3273 1841 3328 regem,
1915 3253 2019 3330 qui
2081 3254 2162 3311 33
2221 3273 2406 3312 annos
2466 3254 2801 3331 regnavisse

694 3346 1027 3419 putaretur.

609 3432 666 3488 7.
700 3430 973 3505 Quatuor
1004 3431 1434 3504 similitudines,
1485 3450 1637 3507 quae
1667 3429 1933 3488 Patricio
1968 3449 2100 3489 cum
2130 3431 2284 3489 Mosi
2316 3436 2489 3490 erant
2521 3430 2794 3508 (Betham

696 3520 735 3578 l.
784 3541 830 3578 c.
878 3543 936 3599 p.
982 3519 1283 3596 XXXV).

606 3609 666 3665 8.
695 3607 1033 3669 Annotatio
1081 3609 1154 3666 de
1184 3610 1311 3666 loco
1344 3607 1448 3665 ubi
1479 3606 1778 3665 Patricius
1809 3608 2076 3706 sepultus
2108 3613 2196 3666 est
2227 3608 2508 3685 (Betham
2538 3609 2789 3684 ibidem).

735 3699 870 3757 Hae
931 3699 1083 3756 duae
1129 3696 1544 3755 annotationes
1605 3695 1720 3752 sibi
1780 3695 2046 3754 invic'em
2085 3704 2450 3774 repugnant,
2514 3718 2650 3756 nam
2699 3695 2795 3756 ubi

558 3806 690 3846 ossa
734 3784 858 3867 ejus
900 3784 1016 3845 siret
1058 3783 1346 3845 neminem
1389 3781 1612 3841 nomae
1656 3789 1916 3842 testatur
1948 3787 2004 3857 7,
2053 3792 2260 3844 contra
2301 3787 2341 3843 8
2371 3783 2477 3843 ubi
2502 3783 2788 3865 sepultura

557 3872 810 3935 Patm‘oii
851 3882 991 3934 esset
1022 3873 1344 3933 Columbae
1375 3871 1613 3931 Hiiensi
1659 3874 1987 3932 revelatum
2021 3894 2146 3932 esse
2179 3874 2507 3933 confirmat.
2585 3874 2786 3951 Itaque

557 3965 633 4023 ab
683 3964 887 4023 eodem
934 3961 1190 4038 scriptae
1235 3981 1353 4019 non
1400 3966 1541 4019 sunt
1585 3962 1684 4035 (cf.
1733 3961 1930 4020 Skene
1976 3962 2062 4035 II,
2107 3983 2165 4039 p.
2214 3964 2387 4039 432).

605 4054 661 4109 9.
693 4050 1025 4110 Annotatio
1080 4049 1155 4107 de
1199 4048 1471 4108 Palladio
1519 4054 1581 4107 et
1624 4048 1890 4108 Patricio
1937 4072 1973 4108 a
2019 4050 2356 4110 Coelestino
2402 4072 2561 4129 papa
2606 4053 2784 4113 missis

1468 262 1557 273 .-
1649 227 1733 286 34
1825 261 1913 272 ...

619 411 676 467 2.
709 408 981 481 Quatuor
1040 405 1456 466 annotationes
1515 406 1641 466 sine
1689 406 1924 465 nomine
1971 406 2228 484 scriptae
2283 440 2371 449 —
2425 404 2710 465 Betham
2773 405 2874 477 H,

704 4258 810 4312 ιΕ
814 4259 1044 4329 quidem
1071 4257 1371 4313 Tirechani
1408 4257 1617 4310 librum
1660 4262 1914 4312 extrema
1950 4277 2005 4327 p.
2036 4258 2298 4312 XXXIV
2338 4261 2635 4315 terminari
2669 4279 2781 4331 per-

555 4347 883 4401 persuasum
921 4331 1061 4385 mihi
1097 4330 1296 4385 habeO.
