3025 4909
1425 146 1862 205 ...68-

534 326 758 386 dictum
803 360 890 372 -
936 325 1112 383 unius
1157 324 1482 384 Columbae
1528 323 1945 396 Luxoviensis‚
2006 326 2175 400 cujus
2233 324 2458 402 scripta
2502 323 2832 382 omnium

532 414 843 475 Scotorum
889 414 1157 492 exceptis
1195 414 1448 472 Patricii
1491 412 1905 490 antiquissima
1948 420 2113 486 sunt,
2169 412 2244 471 de
2288 412 2416 472 vita
2461 413 2831 472 eremitica>

531 505 716 577 dicta,
781 524 932 580 quae
977 504 1133 562 infra
1178 503 1815 574 commemorabuntur,
1875 501 2088 561 idonea
2147 508 2309 574 sunt,
2358 521 2511 578 quae
2561 501 2828 561 Skenii

533 592 872 672 opinionem
916 592 1167 651 diluant.
1242 591 1540 668 Equidem
1583 590 1747 651 aliud
1784 591 1962 650 fuisse
1992 595 2222 649 sextum
2253 590 2415 649 aliud
2445 591 2818 668 septimum

532 681 809 742 ecclesiae
849 679 1163 740 Scotorum
1207 681 1502 752 saeculum
1548 680 1864 739 concedere
1910 698 2028 738 non
2073 699 2328 758 possum,
2373 685 2535 738 certe
2589 680 2818 738 ecele-

535 771 807 831 siasticae
839 769 1151 829 Scotorum
1197 768 1479 828 historiae
1521 770 1716 829 fontes
1763 769 1912 828 tales
1958 789 2077 828 non
2120 774 2274 839 sunt,
2320 774 2389 828 ut
2433 789 2544 827 nos
2575 769 2817 827 adhue

535 860 711 919 hodie
772 859 889 918 duo
947 858 1052 917 illa
1110 858 1347 917 saecula
1399 857 1734 918 discernere
1784 858 2093 935 possimus.
2182 857 2346 934 Ergo
2392 858 2463 915 de
2508 863 2815 935 utroque

532 949 767 1008 saeculo
825 947 1033 1005 iisdem
1090 947 1291 1006 verbis
1349 946 1662 1008 dicendum
1721 953 1812 1005 est
1869 967 2062 1023 neque
2106 966 2255 1024 opus
2313 953 2405 1005 eet
2461 963 2810 1022 quaerere,

534 1044 735 1096 utrum
764 1035 1155 1094 Adamnanus
1200 1035 1580 1095 eremitarum
1624 1035 1983 1095 mentionem
2029 1036 2251 1096 faciens
2287 1055 2495 1096 revera
2532 1036 2811 1095 locutus

531 1125 612 1186 sit
655 1124 731 1183 de
783 1130 981 1184 aetate
1025 1123 1348 1185 Columbae
1391 1145 1470 1183 an
1513 1124 1588 1183 de
1633 1144 1741 1184 sua
1785 1124 1990 1202 ipsius.
2080 1123 2242 1183 Satis
2287 1124 2570 1183 habemus
2623 1125 2806 1183 seire

530 1214 713 1274 fuisse
770 1213 929 1292 apud
984 1211 1192 1274 Scotos
1250 1213 1412 1273 intra
1455 1212 1552 1272 Vl
1605 1221 1669 1273 et
1713 1213 1877 1272 VIII
1937 1214 2235 1276 saeculum
2294 1212 2601 1285 eremitae,
2675 1213 2795 1290 qui

531 1302 745 1363 remoti
802 1303 879 1362 ab
931 1302 1234 1361 hominum
1287 1301 1600 1362 domiciliis
1653 1303 1829 1379 plane
1883 1302 2209 1362 solitariam
2263 1301 2450 1368 vitam
2503 1302 2802 1378 agebant

535 1390 816 1468 (Adamn.
871 1391 977 1451 vit.
1024 1390 1151 1450 Col.
1205 1392 1258 1464 1,
1307 1392 1408 1470 39,
1468 1413 1527 1469 Ρ.
1575 1392 1737 1464 211;
1796 1392 1854 1464 3,
1906 1393 2049 1464 102,
2105 1411 2162 1469 Ρ.
2212 1391 2384 1466 235).
2476 1389 2602 1450 Sed}
2664 1390 2800 1449 hoe

534 1479 774 1539 minime
818 1480 1124 1558 proprium
1170 1486 1305 1539 erat
1331 1479 1658 1553 Scotorum,
1702 1500 1892 1556 neque
1937 1478 2490 1540 commemoratione
2519 1479 2792 1557 dignum

533 1574 711 1642 esset,
757 1568 871 1628 nisi
915 1569 991 1626 ab
1039 1569 1132 1627 his
1178 1568 1443 1628 eremitis
1484 1569 1582 1628 vel
1627 1590 1700 1628 ex
1745 1569 1974 1642 eodem,
2024 1590 2141 1647 quo
2185 1569 2468 1628 eremitae
2512 1588 2792 1627 commo-

532 1658 851 1730 vebantur,
909 1658 1326 1717 monachorum
1385 1659 1617 1718 fervore
1675 1658 2008 1736 profectum
2066 1665 2222 1719 esset
2272 1657 2518 1718 tertium
2564 1678 2792 1717 mona·

533 1747 773 1806 chorum
819 1767 1004 1824 genus
1051 1782 1136 1794 --
1180 1746 1701 1825 peregrinantium.

709 1836 846 1894 Hoc
877 1836 1187 1895 Scotorum
1230 1836 1536 1913 proprium
1567 1842 1710 1909 erat,
1756 1840 1966 1913 utpote
1997 1841 2191 1895 ortum
2222 1856 2296 1895 ex
2324 1836 2458 1914 ipso
2486 1836 2787 1896 ecclesiae

532 1924 897 1984 Hibernicae
941 1931 1121 1984 statu.
1194 1926 1349 1985 Nam
1389 1945 1526 1984 cum
1552 1925 1615 1983 in
1646 1924 1779 1983 aliis
1810 1925 2087 1984 ecclesiae
2118 1925 2406 2003 partibus,
2451 1925 2514 1983 in
2547 1924 2786 2001 quibus

532 2013 904 2071 monasteriis
949 2014 1112 2071 nulla
1158 2033 1290 2072 cum
1335 2014 1679 2091 regionibus
1723 2013 1844 2073 suis
1890 2013 2259 2075 necessitudo
2299 2021 2446 2086 erat,
2493 2013 2780 2073 monachi

531 2106 851 2179 postquam
907 2102 1157 2179 collegio
1215 2102 1634 2162 monachorum
1695 2108 2089 2176 accesserunt,
2153 2102 2436 2161 mundum
2491 2102 2783 2180 effugisse

532 2190 651 2250 sibi
693 2191 1052 2264 viderentur,
1099 2191 1259 2269 apud
1303 2189 1513 2251 Scotos
1559 2211 1764 2251 omnes
1804 2190 1866 2264 ii,
1911 2192 2015 2267 qui
2058 2190 2431 2251 inluminatos
2474 2210 2516 2249 a
2541 2190 2777 2251 mundo

532 2298 593 2339 se
635 2278 920 2340 custodire
964 2280 1302 2358 cupiebant,
1348 2280 1412 2338 in
1455 2281 1530 2339 iis
1575 2279 1966 2353 monasteriis,
2014 2300 2167 2357 quae
2209 2280 2405 2339 medio
2451 2280 2516 2338 in
2545 2281 2777 2358 populo

533 2369 772 2428 condita
819 2375 1003 2441 erant,
1050 2369 1175 2429 voti
1206 2370 1299 2427 sui
1332 2374 1630 2448 compotes
1657 2368 1787 2429 fieri
1816 2389 1936 2428 non
1964 2376 2261 2471 poterant.
2336 2369 2513 2429 Unde
2542 2371 2763 2429 factum

533 2463 642 2530 est,
687 2463 755 2515 ut
799 2458 1092 2555 permulta
1137 2458 1493 2518 monasteria
1539 2459 2041 2518 constituerentur
2082 2458 2147 2517 in
2190 2458 2402 2517 insulis
2438 2461 2615 2539 juxta
2650 2457 2770 2516 Hi-

533 2546 773 2608 berniae
819 2549 982 2605 oram
1027 2547 1158 2605 sitis
1205 2546 1426 2623 (Skene
1471 2547 1663 2625 11,st
1713 2548 1794 2605 62
1841 2550 1973 2623 sq..)
2047 2546 2178 2610 Alii
2225 2547 2461 2607 omnino
2507 2546 2762 2625 patriam

533 2634 869 2694 deserentes
913 2635 1119 2736 paucis
1164 2656 1296 2694 cum
1342 2635 1515 2694 sociis
1560 2635 1624 2695 in
1663 2635 1866 2696 insulis
1905 2637 2132 2710 majore
2160 2636 2475 2696 intervallo
2505 2657 2541 2695 a
2570 2635 2769 2715 patria

534 2724 778 2782 remotis
845 2725 939 2781 vel
1008 2723 1070 2781 in
1137 2724 1266 2802 ipso
1334 2724 1528 2783 medio
1588 2723 1821 2796 Oceano
1892 2725 2066 2784 cellas
2132 2725 2250 2785 sibi
2309 2731 2766 2786 construxerunt

533 2811 815 2887 (Adamn.
862 2811 969 2871 vit.
1016 2811 1141 2871 Col.
1178 2814 1232 2885 1,
1282 2812 1338 2886 5,
1383 2836 1440 2892 p.
1475 2814 1632 2885 2003
1686 2814 1781 2886 10,
1826 2834 1883 2891 p.
1920 2814 2065 2887 202,
2113 2815 2184 2873 cf.
2231 2813 2318 2887 H,
2370 2816 2469 2887 76,
2515 2835 2573 2891 p.
2607 2814 2765 2886 224;

540 2901 594 2973 1,
646 2900 744 2973 19,
790 2921 846 2978 p.
881 2899 1009 2959 204
1057 2907 1133 2960 et.
1178 2902 1366 2978 alibi),
1413 2902 1515 2961 alii
1562 2903 1656 2962 vel
1702 2902 1816 2968 soli
1861 2900 2144 2979 (Adamn.
2182 2904 2236 2976 1,
2272 2904 2329 2976 3,
2375 2924 2434 2981 Ρ.
2473 2904 2622 2978 197)
2664 2903 2755 2962 vel

534 3009 666 3048 cum
726 2989 898 3048 sociis
952 2995 1022 3048 ut
1065 2995 1315 3066 uterque
1362 2989 1650 3051 Columba
1696 2992 2137 3068 emigraverunt
2179 2991 2242 3049 in
2289 2990 2511 3054 alienas
2555 2998 2762 3051 terras„

537 3078 740 3153 Tales,
803 3079 907 3156 qui
950 3078 1161 3138 relicta
1203 3078 1400 3157 patria
1430 3078 1988 3160 pereminabantur,
2043 3099 2193 3158 opus
2238 3087 2302 3140 et
2346 3078 2583 3139 Christo
2627 3100 2750 3157 gra·

536 3168 828 3228 tissimum
861 3175 923 3227 et
953 3167 1099 3247 ipsis
1128 3168 1496 3227 salutiferum
1529 3169 1780 3227 edidisse
1810 3170 2194 3248 putabantur,
2226 3190 2361 3228 nam
2380 3188 2502 3249 pro
2539 3164 2759 3229 Christo

529 3257 1069 3334 peregrinabantur
1113 3258 1397 3332 (Adamn.
1434 3258 1487 3330 1,
1523 3258 1581 3330 3,
1627 3278 1682 3335 p.
1723 3259 1864 3330 197,
1913 3259 1984 3316 cf.
2013 3258 2183 3317 Beda
2212 3258 2267 3317 h.
2301 3279 2349 3316 e.
2384 3259 2441 3331 3,
2475 3258 2515 3315 4
2564 3258 2598 3335 ξ
2636 3259 2740 3316 161

537 3350 598 3404 et
631 3344 687 3417 5,
723 3345 758 3400 9
794 3345 829 3420 ἓ
867 3346 1019 3420 376)
1050 3347 1162 3404 vel
1207 3344 1291 3404 ad
1334 3341 1583 3405 delenda
1612 3344 1955 3427 peccamina
1985 3346 2266 3422 (Adamn.
2300 3347 2356 3419 2,
2392 3347 2493 3419 70,
2524 3368 2581 3424 Ρ.
2612 3348 2755 3419 222,

536 3435 609 3492 cf.
649 3435 701 3507 1,
735 3433 837 3505 21,
882 3454 941 3510 Ρ.
974 3433 1146 3510 205).
1221 3435 1315 3492 De
1361 3454 1479 3510 qua
1523 3455 1588 3492 re
1633 3435 1858 3494 nullum
1899 3440 2095 3496 exstat
2124 3436 2332 3496 melius
2360 3435 2745 3495 testimoninm

538 3542 714 3599 quam
759 3522 996 3584 libellus
1041 3522 1140 3581 ille
1187 3522 1259 3581 de
1305 3523 1429 3583 vita
1470 3521 1792 3583 Columbae
1823 3524 2090 3584 Hiiensis
2133 3524 2222 3584 ita
2268 3524 2643 3603 conscriptus,
2682 3529 2754 3584 ut

536 3611 722 3682 vitam
768 3610 1065 3671 intexeret
1110 3611 1366 3671 orationi
1410 3611 1631 3688 partim
1669 3612 1856 3674 latino
1888 3613 2108 3691 partim
2138 3612 2467 3673 Hibernico
2497 3632 2745 3673 sermone

536 3700 608 3774 de
641 3697 853 3758 GeneS.
889 3698 990 3773 12,
1030 3702 1058 3758 1
1111 3700 1350 3760 habitae
1397 3701 1492 3775 (cf.
1527 3721 1686 3779 supr.
1716 3723 1775 3780 p.
1811 3702 1937 3778 54).
2012 3701 2149 3761 Etsi
2194 3704 2350 3762 enim
2395 3701 2747 3781 temporibus

536 3793 733 3847 aetate
759 3787 1078 3848 Columbae
1109 3790 1284 3867 longe
1307 3789 1738 3867 posterioribus
1762 3789 2127 3869 conscriptus
2152 3797 2259 3866 est,
2290 3799 2492 3851 tamen
2516 3790 2738 3868 eandem

532 3877 607 3939 de
665 3877 1094 3956 peregrinando
1153 3878 1506 3938 sententiam
1551 3878 1693 3938 tulit
1738 3888 1915 3957 atque
1958 3878 2211 3957 priores,
2270 3880 2450 3958 idque
2496 3899 2743 3940 sermone

533 3973 656 4026 tam
702 3965 986 4025 distincto
1033 3972 1094 4025 et
1139 3966 1413 4039 dilucido,
1458 3973 1529 4027 ut
1573 3988 1761 4044 pauca
1806 3969 2231 4028 transscribere
2276 3968 2422 4027 mihi
2466 3968 2659 4029 liceat:

718 4051 892 4130 Quod
935 4062 1130 4115 autem
1165 4053 1333 4134 patri
1347 4052 1625 4138 fidelium
1659 4054 1999 4135 precipitur,
2044 4054 2151 4118 hoc
2181 4054 2443 4118 omnibus
2461 4054 2609 4140 filiis
2633 4053 2741 4138 eju-s*

531 4142 897 4223 implendum
934 4141 1280 4225 relinquitur
1328 4143 1547 4220 (Skene
1593 4144 1680 4218 ΙΙ,
1727 4167 1862 4224 app.
1908 4167 1966 4224 p.
2014 4146 2169 4224 469)
2201 4190 2214 4204 .
2249 4192 2263 4207 .
2296 4191 2311 4207 .
2342 4144 2525 4207 tribus
2568 4154 2734 4206 autem

530 4232 722 4294 modis
753 4232 965 4312 patria
1009 4231 1290 4294 deseritur
1330 4236 1412 4311 (p.
1446 4234 1600 4311 461)
1633 4277 1647 4292 .
1679 4276 1693 4292 .
1725 4231 2041 4317 aliquando
2085 4234 2237 4296 enim
2272 4227 2482 4317 patria)
2523 4247 2742 4318 corpore
