3025 4909
1181 259 1266 269 --
1361 221 1489 282 105
1583 185 1714 270 -’

242 408 349 461 ut
399 402 493 461 ita
538 400 749 473 dicam,
798 420 883 472 ea,
934 420 1085 476 quae
1129 401 1320 459 ethice
1351 401 1511 459 dicta
1559 407 1699 461 sunt
1745 402 1821 459 ab
1869 401 2157 479 apostolis
2206 402 2277 461 de
2324 403 2544 462 mundo

247 498 342 550 et
393 490 473 548 de
520 509 723 561 carne,
787 489 902 547 sibi
948 497 1371 567 persuaserunt
1428 497 1615 549 totum
1669 489 1961 550 mundum
2018 488 2082 549 in
2140 488 2299 551 malo
2346 488 2546 570 jacere

247 582 373 654 (1.
405 578 547 638 Joh.
584 577 640 650 5,
680 579 811 653 19),
880 577 980 650 iis,
1048 579 1190 655 quia
1248 598 1489 657 sperare
1546 599 1665 637 non
1711 583 1960 657 possunt
2006 580 2162 651 fore,
2211 586 2280 638 ut
2325 582 2542 638 malum

252 671 569 728 vincatur
629 668 812 738 bono,
891 686 1080 744 paene
1142 667 1290 725 nihil
1358 668 1653 743 reliquum
1722 676 1814 727 est
1871 668 1990 726 nisi
2048 675 2118 728 nt
2175 669 2413 747 fugiant
2471 669 2546 727 de

256 757 528 817 mundO.
636 756 784 829 Quis
854 763 1055 815 autem
1125 758 1387 815 severius
1449 763 1511 815 et
1571 757 1866 816 austerius
1914 757 2205 832 judicium
2265 758 2410 817 fecit
2471 759 2544 817 de

262 846 529 915 mundo,
577 864 755 920 quam
788 843 1120 903 Columba?
1167 845 1462 915 Profecto,
1510 846 1707 904 nescio
1754 866 1831 904 an
1869 845 2059 923 magis
2090 846 2544 906 admirationem
2585 870 2590 874 ·

270 956 471 1013 quam
494 933 982 992 ‚misericordiam
1029 934 1289 994 habeant
1334 935 1518 993 verba
1574 938 1701 1011 ejus
1755 935 2051 1011 elegantia
2108 941 2168 994 et
2223 936 2543 998 altitudine

272 1044 480 1100 aeque
496 1023 744 1081 eximia.
805 1021 1057 1096 Audias,
1100 1044 1336 1100 quaes0,
1384 1023 1692 1082 exordium
1726 1024 1968 1101 quintae
2001 1025 2187 1082 nostri
2218 1024 2544 1084 Columbae

275 1111 699 1171 instructionis
745 1133 780 1170 a
823 1112 1126 1170 monachis
1173 1112 1513 1190 saepissime
1560 1113 1886 1190 rescriptae
1932 1114 2030 1187 (cf.
2063 1109 2358 1184 Solam-rer,
2405 1109 2541 1172 Ver·

276 1198 568 1261 zeiclzm'ss
629 1199 736 1259 der
794 1196 1262 1281 Handschmflm
1319 1200 1427 1261 der
1486 1197 1959 1281 Stzflsbibliothek
2026 1220 2102 1259 za
2170 1195 2255 1260 St.
2315 1196 2543 1262 Gallen.

289 1290 485 1349 1875.
534 1310 593 1367 p.
644 1289 816 1364 336),
863 1289 926 1346 in
972 1295 1091 1366 qua
1136 1297 1207 1349 ut
1251 1291 1312 1347 in
1360 1291 1598 1368 speculo
1645 1290 1934 1363 cernitur,
1983 1290 2157 1366 quale
2200 1291 2382 1350 fuerit
2428 1291 2541 1350 Co-

276 1379 526 1437 lumbae
590 1376 881 1453 judicium
940 1377 1014 1435 de
1075 1380 1293 1437 mundo
1356 1383 1418 1438 et
1473 1379 1550 1436 de
1609 1379 1760 1438 vita:
1837 1374 1954 1450 „O
2008 1387 2073 1437 tu
2130 1377 2279 1450 vita,
2347 1380 2545 1458 inquit

283 1467 485 1543 (instr.
535 1466 601 1538 5,
648 1465 808 1525 Bibl.
856 1485 1009 1524 max.
1065 1468 1170 1538 12,
1217 1490 1277 1545 Ρ.
1330 1468 1437 1543 13)
1482 1475 1732 1548 quantos
1790 1466 2085 1549 decepisti,
2153 1471 2400 1548 quantos
2458 1487 2540 1528 se-

280 1552 527 1626 duxisti,
574 1561 820 1635 quantos
850 1553 1201 1615 eoecaecasti!
1248 1553 1414 1630 Quae
1444 1556 1591 1616 dum
1619 1555 1810 1637 fitquc,
1852 1553 1999 1616 nihil
2025 1575 2104 1628 es,
2153 1556 2299 1617 dum
2328 1555 2543 1618 videris

281 1641 502 1703 umbra
546 1662 604 1702 es
615 1686 634 1714 ‚
681 1641 826 1701 dum
870 1640 1153 1703 emaltarie
1182 1642 1396 1727 fumus
1441 1664 1529 1715 ec,
1591 1665 1742 1725 qaae
1786 1643 1992 1705 cotidie
2021 1644 2195 1726 fitqis
2241 1654 2293 1705 et
2338 1644 2545 1706 cotidie

280 1731 472 1803 venis,
519 1730 796 1792 veniendo
826 1729 1027 1812 fuya,
1084 1752 1234 1814 quae
1261 1732 1554 1814 fityiendo
1598 1733 1781 1805 venis,
1827 1731 2127 1794 dissimilis
2175 1744 2398 1806 eventa,
2464 1734 2543 1795 si-

281 1817 444 1881 milis
490 1829 646 1891 ortu,
708 1817 1009 1880 dissimilis
1052 1819 1224 1894 lama,
1287 1818 1491 1882 similae
1525 1820 1737 1905 fluxa,
1799 1819 1990 1883 dulcis
2043 1819 2257 1895 stultis,
2329 1844 2544 1883 amara

281 1908 655 1989 sapientibus.
659 1917 695 1943 “
767 1909 854 1967 Et
899 1910 1072 1969 alibi·
1119 1910 1265 1992 „qui
1305 1920 1357 1971 te
1395 1907 1663 1992 diligunt,
1712 1910 1938 1992 decepti
1979 1920 2131 1983 sunt,
2177 1911 2282 1993 qui
2322 1921 2378 1973 te
2420 1931 2539 1973 cre·

282 1996 466 2070 dunt,
526 1996 749 2058 seducti
802 2006 963 2068 sunt,
1020 1997 1124 2080 qai
1174 2008 1366 2059 autem
1421 2008 1475 2060 te
1519 1999 1813 2082 neyliqant
1856 1998 2030 2060 ditati
2071 2010 2205 2061 sunt
2249 2010 2302 2061 et
2346 2002 2449 2084 qui
2489 2010 2543 2062 te

267 2084 523 2170 suffiunt
568 2082 784 2147 salvati
824 2094 1002 2145 eunt“
1048 2088 1242 2163 (instr.
1277 2092 1335 2162 6,
1380 2110 1438 2194 p.
1478 2090 1558 2148 14
1592 2090 1685 2166 O).

472 2176 683 2236 Nonne
716 2180 968 2253 apparet
998 2176 1348 2235 Columbam
1380 2182 1626 2257 eiusque
1671 2179 1859 2238 socios
1897 2178 2315 2254 disjunctiores
2360 2181 2542 2239 fuisse

281 2285 322 2322 a
371 2264 590 2323 mundo
639 2284 815 2343 quam
860 2266 1282 2324 monachorum
1327 2267 1614 2344 plurimos
1663 2269 1761 2342 (cf.
1803 2288 1893 2368 ep.
1929 2269 1985 2340 2,
2031 2289 2089 2345 Ρ.
2125 2269 2208 2325 26
2246 2268 2312 2339 O,
2360 2288 2542 2346 supra

284 2373 349 2429 Ρ.
391 2352 584 2429 100)?
628 2353 839 2414 Nullas
871 2355 1215 2432 voluptates
1245 2355 1486 2415 videtur
1518 2356 1770 2416 mundus
1815 2356 1890 2415 iis
1935 2358 2300 2433 praebuisse.
2370 2354 2540 2417 Post-

275 2439 490 2520 positis
520 2441 708 2518 igitur
725 2438 1186 2519 phaleramentis
1215 2442 1427 2504 mundi
1446 2445 1581 2519 (vit.
1606 2443 1728 2503 Sal.
1759 2446 1857 2516 12,
1890 2466 1949 2522 Ρ.
1977 2447 2125 2518 426,
2159 2446 2256 2517 17,
2281 2466 2340 2523 Ρ.
2366 2447 2541 2523 428),

287 2525 457 2588 obliti
495 2527 906 2609 temporalium
938 2531 1089 2607 (Col.
1120 2532 1293 2591 instr.
1330 2532 1430 2606 15,
1461 2554 1519 2610 p.
1555 2534 1639 2591 20
1670 2534 1757 2610 D)
1794 2531 1909 2593 soli
1950 2532 2059 2593 deo
2103 2533 2349 2596 viventes
2394 2531 2540 2616 ejas·

282 2635 399 2698 que
449 2615 708 2698 yloriam
763 2617 1041 2681 intuentes
1101 2621 1232 2697 (vit.
1293 2621 1621 2699 Wandreg.
1670 2625 1726 2695 7,
1788 2644 1849 2700 Ρ.
1899 2621 2052 2699 528)
2111 2623 2547 2707 mortficationi

281 2704 617 2790 studebant,
670 2726 821 2789 qaae
862 2708 1130 2769 maxima
1163 2729 1339 2789 pars.
1359 2707 1598 2791 reyvdae
1644 2719 1769 2770 erat
1814 2715 1962 2787 (reg.
2009 2711 2134 2772 Col.
2181 2711 2340 2771 Bibl.
2387 2733 2541 2773 max.

282 2794 442 2867 XII,
486 2817 545 2874 p.
593 2796 768 2874 5D),
829 2795 1026 2856 beatae
1067 2794 1161 2857 illi
1198 2797 1658 2883 mortficationi,
1719 2819 1869 2880 quae
1903 2796 2041 2882 filio
2084 2798 2377 2883 deifacit
2422 2801 2541 2862 esse

267 2883 603 2964 participes
633 2887 766 2963 (vit.
794 2885 1112 2964 Wandreg.
1150 2888 1179 2946 1
1195 2889 1247 2960 1,
1280 2910 1339 2966 Ρ.
1374 2889 1548 2966 530).
1612 2887 1748 2948 Tali
1792 2869 1967 2947 modo
2012 2898 2299 2969 sequentes
2332 2898 2542 2971 patres

269 2972 570 3055 perfectos
630 2975 783 3050 (Col.
828 2995 921 3052 ep.
970 2976 1028 3048 2,
1075 2997 1132 3054 Ρ.
1181 2978 1262 3034 26
1297 2976 1373 3052 Ο)
1432 2984 1485 3035 et
1539 2969 1948 3036 ambulantes?
1957 2976 2103 3036 sicut
2160 2986 2215 3038 et
2278 2973 2541 3038 Christus

283 3059 629 3136 ambulavit,
674 3072 916 3143 pauper
960 3072 1013 3123 et
1055 3061 1295 3124 humulis
1341 3065 1495 3140 (Col.
1543 3086 1634 3143 ep.
1683 3067 1742 3137 2,
1790 3088 1848 3144 Ρ.
1898 3065 2000 3124 25
2013 3065 2090 3142 O)
2136 3066 2222 3126 ad
2266 3064 2542 3126 virtamm

283 3147 511 3211 cubnwn
554 3151 890 3233 apicemque
933 3152 1250 3213 sanctitatis
1297 3155 1428 3230 (vit.
1476 3154 1597 3213 Sal.
1636 3155 1734 3224 12,
1781 3175 1841 3232 p.
1874 3155 2030 3227 426)
2076 3175 2139 3212 se
2184 3175 2357 3232 posse
2404 3175 2536 3232 per·

282 3242 489 3300 venire
521 3246 584 3300 et
613 3241 869 3319 denique
902 3260 1025 3322 pro
1057 3240 1276 3302 damno
1314 3241 1465 3303 vitae
1504 3241 1828 3323 praesentis
1872 3239 2038 3301 lucra
2081 3239 2232 3301 vitae
2275 3251 2539 3360 aeternae

283 3336 691 3389 consecuturos
737 3350 862 3390 esse
908 3332 1232 3408 sperabant
1278 3331 1411 3407 (vit.
1455 3331 1642 3408 Burg.
1692 3332 1751 3404 8,
1798 3352 1857 3409 Ρ.
1906 3330 2079 3408 442).

467 3417 642 3478 Talia
688 3419 1033 3496 cogitantes
1067 3420 1335 3481 crederes
1390 3420 1667 3480 maluisse
1723 3425 1793 3479 ut
1847 3421 2123 3480 eremitas
2168 3421 2358 3481 vitam
2403 3422 2539 3481 soli·

282 3507 472 3566 tarios
519 3526 714 3583 agere,
760 3527 940 3584 quam
986 3527 1120 3567 cum
1164 3509 1299 3568 aliis
1344 3510 1546 3569 vivere
1593 3509 1655 3567 in
1702 3509 2022 3570 coenobiis.
2091 3509 2373 3569 Profecto
2418 3530 2539 3569 non

282 3594 537 3656 deerant
579 3596 643 3655 in
689 3596 936 3657 ecclesia
982 3597 1324 3670 Scotorum,
1388 3599 1491 3675 qui
1537 3603 1697 3657 certe
1743 3618 1971 3657 menses
2016 3598 2112 3657 vel
2158 3617 2344 3657 annos
2383 3607 2536 3658 rn'on-

281 3685 479 3746 nullos
537 3685 792 3745 solitarii
851 3693 1103 3763 agerent
1163 3688 1261 3763 (cf.
1307 3707 1490 3765 supra
1536 3708 1595 3764 p.
1645 3688 1724 3745 67
1776 3692 1838 3746 et
1885 3687 1996 3763 82)
2043 3691 2104 3745 et
2164 3686 2362 3763 ipsum
2422 3686 2536 3747 Co·

280 3774 548 3833 lumbam
593 3774 933 3852 saepissime
978 3776 1043 3833 in
1088 3775 1441 3835 solitudines
1488 3775 1823 3835 discessisse
1852 3775 2043 3836 Jonas
2088 3782 2343 3847 enarrat,
2392 3776 2538 3851 quin

281 3863 469 3924 etiam
512 3863 642 3941 ipse
673 3862 966 3925 Columba
1012 3865 1302 3924 concessit
1332 3864 1715 3923 eremitarum
1746 3864 1934 3923 vitam
1963 3863 2377 3940 perfectiorem
2409 3884 2534 3924 esse

284 3972 467 4029 quam
498 3951 914 4011 coenobialem.
990 3953 1145 4014 Nam
1174 3953 1576 4030 interrogavit
1598 3951 1959 4029 Gregorium
1991 3953 2108 4029 (ep.
2135 3951 2192 4024 5,
2224 3972 2284 4029 Ρ.
2319 3953 2400 4010 32
2425 3952 2534 4028 Η),

279 4038 435 4122 qaid
460 4039 813 4122 faciendum
858 4049 999 4102 esset
1041 4040 1116 4101 de
1157 4038 1457 4102 monachis
1493 4038 1628 4111 illis,
1671 4038 1940 4122 quipro-
1933 4038 2043 4101 -det‘
2068 4038 2277 4101 ivmdtu
2306 4048 2360 4100 et
2388 4039 2537 4099 vitae

265 4127 730 4211 perfectioris
775 4127 1064 4191 desiderio
1110 4139 1313 4190 contra
1358 4138 1492 4191 vota
1536 4127 1815 4189 venientes
1847 4126 2061 4209 prima
2091 4127 2536 4189 convasatiomls

278 4217 414 4279 loca
467 4215 847 4299 relinquerent
906 4226 959 4277 et
1016 4217 1209 4279 invitas
1268 4217 1574 4279 abbatibus
1633 4219 1730 4293 (cf.
1787 4239 1970 4296 supra
2030 4238 2088 4295 p.
2139 4218 2264 4294 69).
2295 4216 2538 4298 fervore

277 4303 722 4370 monachorum,
774 4315 1002 4387 coyente
1067 4315 1171 4367 aut
1234 4304 1580 4367 laxarentur
1644 4315 1748 4367 aut
1813 4305 1898 4366 ad
1965 4305 2191 4368 deserta
2242 4304 2537 4389 faqerent.
