3025 4909
1488 194 1920 254 ...54-

776 371 983 432 Skenii
1015 393 1155 433 vero
1204 377 1542 450 conjectura
1589 395 1662 433 ne
1708 374 1899 434 dicam
1931 376 2082 434 falsa
2128 381 2287 434 certe
2334 373 2733 434 verisimilis
2766 392 2873 429 non

588 468 696 536 est,
751 495 822 507 —
876 462 1034 538 quod
1081 463 1378 541 explicare
1422 465 1665 541 longum
1713 471 1833 539 est,
1894 466 2144 523 alterum
2202 465 2390 541 igitur
2447 463 2640 521 illud
2694 461 2875 520 fuisse
2980 533 2981 536 Ἴ

586 555 749 631 puto.
826 551 1042 629 Itaque
1089 551 1161 611 de
1208 553 1526 632 episcopis,
1573 559 1642 612 ut
1685 553 1772 612 ita
1817 553 2029 627 dicam,
2074 553 2631 613 monasterialibus
2684 572 2878 630 pauca
2980 545 2981 566 ²

585 640 884 720 prioribus
931 641 1203 700 addenda
1250 649 1407 702 sunt.

763 729 1091 789 Affirmant
1138 730 1291 789 enim
1338 731 1603 792 Toddius
1648 732 1746 806 (cf.
1792 732 2065 809 Loening
2109 752 2166 809 p.
2201 732 2328 790 445
2375 738 2501 793 not.
2570 733 2677 808 1),
2734 729 2876 789 Ske-

586 819 719 879 nius
779 818 904 896 (ΙΙ,
964 840 1022 897 p.
1071 819 1201 896 44),
1262 821 1367 879 alii
1426 821 1770 900 saepissime
1804 821 1895 879 -in
1952 822 2324 881 monasteriis
2385 820 2761 881 Scotorum
2820 818 2876 876 in

584 909 1003 969 monachorum
1050 928 1294 968 numero
1339 910 1518 969 fuisse
1565 930 1747 970 unum
1793 911 1888 970 vel
1935 910 2051 969 duo
2099 911 2420 990 episcopos,
2470 910 2603 988 qui
2667 908 2877 968 omnia

584 998 913 1058 ministeria
960 998 1345 1076 episcopalia,
1393 1019 1544 1075 quae
1591 1020 1740 1077 opus
1788 1005 1985 1073 erant,
2034 1001 2538 1060 administrabant
2560 1045 2582 1073 ,
2649 998 2877 1058 nihilo-

583 1088 776 1146 minus
825 1091 1040 1159 autem,
1088 1094 1379 1164 quatenus
1409 1088 1685 1148 monachi
1729 1095 1915 1162 erant,
1963 1089 2169 1148 abbati
2210 1090 2465 1166 subjecti
2493 1093 2877 1148 manerent.

582 1176 760 1235 Hanc
806 1176 1181 1249 sententiam,
1227 1178 1299 1237 de
1346 1198 1465 1255 qua
1509 1198 1694 1256 supra
1723 1179 1908 1238 verba
1939 1198 2058 1237 non
2089 1179 2222 1252 feci,
2269 1179 2408 1257 quia
2454 1178 2721 1237 idonea
2756 1196 2875 1235 non

584 1266 835 1340 videtur,
883 1286 1001 1343 qua
1048 1265 1428 1327 confirmetur
1474 1268 1711 1326 omnino
1759 1268 1921 1346 apud
1951 1267 2159 1327 Scotos
2191 1269 2550 1345 dignitatem
2620 1267 2873 1346 episco-

581 1356 776 1433 palem
822 1356 1000 1415 fuisse
1046 1374 1086 1413 a
1141 1353 1417 1434 personal
1468 1355 1592 1415 and
1650 1364 1750 1416 not
1807 1376 1888 1415 an
1933 1353 2148 1438 official
2191 1356 2417 1438 diqnity
2462 1355 2735 1433 (Skene
2786 1354 2873 1427 II,

581 1466 640 1523 p.
688 1445 818 1522 44),
866 1445 977 1503 1100
1021 1445 1150 1503 1000
1207 1464 1323 1503 11011
1370 1445 1729 1523 impugnem.
1817 1445 1972 1506 Nam
2036 1446 2151 1505 etsi
2210 1446 2539 1520 annalium,
2624 1445 2872 1523 quibus

584 1533 837 1593 Skenius
884 1533 1090 1606 utitur,
1139 1534 1478 1594 testimonia
1524 1535 1748 1595 leviora
1778 1543 1934 1608 sunt,
1982 1542 2182 1595 tamen
2229 1542 2290 1595 et
2323 1535 2581 1605 Toddio,
2644 1553 2870 1593 rerum

582 1622 1042 1682 Hibernicarum
1087 1623 1473 1701 peritissimo,
1521 1625 1625 1683 ubi
1673 1624 1746 1683 de
1791 1625 1963 1683 factis
2009 1625 2235 1702 agitur,
2295 1624 2474 1683 fidem
2521 1625 2866 1700 denegare

582 1711 728 1770 mihi
773 1732 890 1771 11011
936 1712 1093 1785 licet,
1140 1719 1203 1772 et
1245 1713 1374 1791 ipse
1418 1734 1544 1772 rem
1589 1714 1796 1792 paucis
1843 1713 2191 1773 confirmare
2248 1734 2504 1793 possum.
2604 1714 2865 1773 Exstat

583 1801 737 1859 enim
784 1800 943 1879 apud
987 1800 1408 1862 Adamnanum
1455 1803 1678 1862 mentio
1737 1803 1998 1882 episcopi
2046 1803 2353 1878 cujusdam
2396 1802 2444 1862 J
2443 1823 2599 1862 onae
2660 1822 2863 1879 saepe

583 1891 1000 1950 commorantis
1046 1893 1131 1968 (1,
1182 1892 1283 1965 29,
1331 1913 1390 1970 p.
1424 1892 1570 1965 208,
1619 1893 1691 1953 cf.
1743 1893 1796 1964 1,
1837 1894 1933 1965 17,
1980 1914 2040 1971 p.
2075 1893 2228 1969 204)
2278 1900 2339 1952 et
2384 1892 2542 1969 apud
2590 1892 2856 1950 Bedam

580 1980 841 2054 alterius,
873 1979 1108 2038 nomine
1142 1979 1437 2056 Ceollach,
1468 1981 1708 2041 natione
1741 1981 1922 2054 Scoti,
1969 1981 2074 2058 q'ui
2103 2002 2222 2039 non
2254 1983 2440 2041 multo
2470 1989 2616 2059 post
2658 2001 2858 2059 quam

582 2068 985 2148 episcopatum
1062 2069 1619 2129 mediterraneorem
1680 2069 2017 2148 Anglorum
2085 2071 2260 2130 simul
2333 2078 2395 2130 et
2465 2071 2851 2130 Merciorum

581 2163 924 2237 susceperat
940 2202 955 2231 ,
1000 2155 1194 2217 relicto
1240 2158 1576 2241 episcopatu
1618 2178 1879 2220 reversus
1924 2168 2006 2221 est
2049 2159 2133 2219 ad
2176 2156 2433 2219 insulam
2478 2155 2596 2219 Hii
2647 2162 2747 2237 (h.
2800 2179 2851 2216 e.
2968 2191 2975 2212 l

575 2249 639 2321 3,
690 2249 791 2321 21,
838 2248 874 2325 ξ
923 2248 1094 2325 212).
1184 2247 1399 2324 Itaque
1447 2249 1559 2308 etsi
1602 2250 1827 2323 nescio,
1885 2250 2102 2326 quibus
2148 2249 2504 2309 testimoniis
2553 2248 2846 2310 Toddius

578 2357 703 2397 rem
751 2337 1190 2397 confirmaverit
1206 2382 1221 2410 ‚
1267 2344 1468 2396 tamen
1514 2359 1634 2396 non
1680 2339 1889 2398 dubito
1937 2339 2084 2397 adeo
2132 2340 2187 2397 ei
2247 2339 2426 2398 fidem
2473 2339 2845 2417 adjungere,

578 2433 646 2485 ut
694 2426 1008 2485 concedam
1052 2426 1181 2485 fieri
1225 2426 1504 2504 potuisse,
1553 2432 1622 2486 ut
1665 2427 1728 2485 in
1773 2428 1892 2486 illis
1938 2428 2343 2502 monasteriis,
2392 2449 2545 2506 quae
2591 2429 2840 2507 episco-

577 2516 771 2593 palem
819 2519 881 2573 in
928 2534 1035 2573 sua
1080 2515 1321 2592 regione
1367 2517 1657 2592 gerebant
1703 2537 1928 2589 curam,
1989 2536 2107 2575 non
2163 2517 2281 2596 ipsi
2343 2518 2592 2577 abbates
2638 2518 2839 2576 iidem

578 2604 839 2683 episcopi
886 2610 1084 2663 essent
1128 2606 1232 2663 sed
1278 2624 1430 2663 unus
1476 2625 1552 2664 ex
1603 2606 1927 2678 monachis,
1989 2607 2092 2682 qui
2151 2611 2352 2665 tamen
2412 2607 2622 2666 abbati
2682 2607 2836 2667 sub-

570 2696 766 2770 jectus
826 2699 1111 2751 maneret.
1204 2691 1323 2751 Sed
1385 2712 1521 2751 raro
1581 2694 1692 2753 hoc
1751 2695 1973 2753 factum
2034 2716 2159 2754 esse
2204 2703 2353 2773 puto
2400 2715 2592 2772 neque
2637 2694 2834 2755 moris

574 2784 755 2842 fuisse
800 2782 953 2842 sicut
997 2783 1061 2840 in
1093 2782 1450 2841 monasterio
1482 2782 1737 2857 Hiiensi‚
1784 2784 1889 2843 sed
1934 2804 2075 2842 casu
2102 2786 2326 2844 factum
2373 2806 2515 2857 esse,
2563 2786 2617 2843 si
2661 2788 2831 2843 forte

574 2873 759 2930 abbas
805 2871 1183 2930 excusatione
1228 2871 1604 2931 monachicae
1650 2873 1972 2932 modestiae
2018 2873 2372 2951 dignitatem
2419 2875 2826 2953 episcopalem

574 2960 922 3038 deprecatus
969 2965 1118 3022 erat.

752 3049 1109 3127 Exemplum
1139 3050 1315 3124 hujus
1360 3049 1448 3107 rei
1490 3049 1621 3127 ipse
1652 3071 1771 3109 non
1802 3051 2003 3110 inveni
2034 3052 2148 3111 nisi
2178 3051 2519 3129 Virgilium,
2552 3050 2822 3123 Scotum,

576 3138 916 3218 episcopum
945 3139 1347 3198 Juvavensem
1380 3138 1450 3214 (†
1484 3139 1652 3215 784)
1688 3141 1807 3216 qui,
1853 3140 2038 3199 donec
2083 3141 2210 3218 ipse
2252 3142 2567 3219 episcopus
2611 3161 2818 3200 conse-

575 3234 772 3288 cratus
797 3234 903 3302 est,
929 3228 1004 3288 ad
1028 3227 1501 3288 administranda
1532 3220 1862 3287 ministeria
1893 3230 2251 3307 episcopalia
2281 3251 2420 3289 usus
2451 3236 2544 3289 est
2568 3230 2814 3289 Dobda-

574 3338 749 3394 greco
811 3317 1087 3395 episcopo
1152 3323 1212 3376 et
1271 3317 1403 3395 ipso
1465 3317 1706 3376 natione
1739 3316 1932 3376 ·Scoto
1981 3320 2078 3394 (cf.
2140 3319 2466 3396 Rettberg,
2515 3320 2814 3377 Kirchen-

574 3405 912 3484 geschichte
943 3405 1385 3465 Deutschlands
1431 3405 1518 3480 ΙΙ,
1564 3428 1622 3484 p.
1658 3407 1785 3464 233
1834 3427 1937 3483 sq„
1980 3409 2050 3465 cf.
2096 3429 2154 3486 p.
2191 3409 2318 3466 234
2364 3414 2488 3466 not.
2544 3410 2670 3487 18),
2712 3408 2815 3467 sed

573 3495 705 3553 ideo
751 3494 924 3553 facile
972 3495 1117 3552 mihi
1162 3503 1583 3571 persuaserunt
1615 3494 1878 3554 Toddius
1926 3502 1986 3555 et
2017 3495 2287 3571 SkeniuS,
2334 3497 2496 3573 quod
2540 3498 2660 3557 nisi
2703 3498 2811 3555 hac

574 3605 639 3643 re
685 3584 1060 3644 manifestum
1106 3604 1224 3642 non
1270 3583 1357 3657 fit,
1406 3585 1698 3661 quomodo
1744 3585 1874 3644 fieri
1918 3586 2207 3662 potuerit,
2253 3592 2321 3644 ut
2368 3606 2809 3664 nonnumquam

574 3673 636 3730 in
694 3673 987 3731 Hibernia
1037 3672 1322 3749 (Adamn.
1379 3674 1485 3732 vit.
1544 3672 1672 3732 Col.
1726 3676 1778 3746 1,
1833 3675 1930 3746 17,
1976 3695 2034 3751 p.
2084 3674 2238 3746 2043
2293 3677 2345 3748 1,
2396 3677 2499 3748 29,
2546 3697 2606 3753 p.
2658 3676 2808 3746 2083

579 3763 633 3834 1,
683 3761 784 3836 35,
830 3783 888 3840 p.
938 3763 1092 3840 210)
1141 3769 1205 3820 et
1262 3762 1602 3839 saepissime
1660 3764 2091 3840 posterioribus
2136 3765 2505 3842 temporibus
2552 3765 2616 3822 in
2665 3764 2808 3823 Ger·

573 3851 769 3909 mania
832 3856 1142 3910 occurrant
1203 3850 1375 3910 nobis
1438 3850 1701 3929 episcopi
1771 3853 2237 3929 peregrinantes.
2340 3854 2496 3915 Nam
2557 3875 2691 3913 cum
2747 3854 2806 3911 in

572 3939 867 3998 Hibernia
915 3940 1275 4018 episcopales
1323 3940 1490 3998 sedes
1535 3940 1626 3999 ita
1654 3960 1785 3998 cum
1817 3942 2190 4001 monasteriis
2225 3946 2541 4019 conjuncta
2572 3943 2804 4016 fuerint,

571 4036 642 4087 ut
685 4048 864 4105 penes
908 4029 1041 4105 ipsa
1087 4028 1446 4087 monasteria
1490 4029 1860 4107 principatus
1906 4030 2236 4091 dioeceseos
2288 4032 2474 4091 fuisse
2520 4033 2805 4105 videatur,

573 4122 826 4195 apparet
871 4116 944 4176 iis
992 4116 1308 4195 episcopis,
1358 4118 1461 4193 qui
1506 4118 1635 4178 vice
1682 4119 1919 4178 abbatis
1977 4121 2131 4180 forte
2179 4121 2512 4180 consecrari
2557 4122 2805 4180 nolentis
2844 4182 2853 4192 ,

576 4205 1009 4285 episcopalibus
1056 4206 1401 4265 ministeriis
1447 4207 1877 4284 fungebantur,
1938 4214 2061 4267 tam
2108 4215 2332 4269 arctam
2380 4230 2513 4268 cum
2560 4231 2668 4270 sua
2715 4211 2806 4271 vel

572 4295 791 4354 rectius
838 4295 1074 4354 abbatis
1118 4294 1370 4354 dioecesi
1418 4295 1909 4356 necessitudinem
1969 4318 2086 4356 non
2147 4298 2356 4372 fuisse,
2418 4306 2487 4357 ut
2544 4301 2596 4358 si
2656 4301 2805 4357 forte
