3025 4909
1462 225 1857 289 ...2-

531 409 743 494 satius.
835 407 1000 472 Esne
1043 407 1511 470 kerkhistovisclze
1557 407 1779 469 Stadia
1871 406 2253 468 Amsterdam
2304 411 2470 479 1869,
2516 411 2618 485 70)
2661 408 2802 467 nisi

547 504 611 564 in
656 523 777 561 una
823 501 1206 560 annotatione
1252 500 1363 575 (II,
1396 522 1454 579 p.
1490 499 1616 557 352
1650 501 1804 576 sqq.)
1850 500 1923 557 de
1969 498 2245 557 Ebrardo
2291 499 2475 557 verba
2533 518 2656 556 non
2709 499 2801 556 fe-

549 592 716 658 cerit,
808 590 929 650 Sed
974 590 1182 667 negari
1229 610 1348 648 non
1394 595 1595 667 potest
1639 588 1832 665 ipsum
1865 588 2212 646 Muellerum
2258 584 2320 646 in
2365 588 2456 660 iis,
2506 608 2657 665 quae
2703 588 2801 645 ni-

547 701 647 739 sus
692 680 1045 756 Rettbergio
1093 679 1167 737 de
1212 678 1532 737 Britonum
1578 678 2009 754 Scotorumque
2057 677 2304 749 ecclesia
2349 677 2605 753 scripsit,
2653 675 2804 734 novi

549 769 865 847 quicquam
900 789 1018 827 non
1050 768 1338 826 attulisse.
1430 767 1565 825 Hoc
1595 765 1788 824 minus
1835 766 2206 844 probandum
2254 772 2359 839 est,
2408 766 2511 824 sed
2556 764 2803 823 silentio

546 858 876 937 praeterire
906 856 1167 940 Ebrardi
1212 855 1496 934 figmenta
1542 856 1828 914 Muellero
1875 861 2085 933 utpote
2132 862 2394 927 externe,
2441 854 2677 913 licuisse
2722 853 2803 911 li-

546 949 761 1005 benter
807 945 1120 1018 confiteor;
1179 966 1247 1003 eo
1293 945 1483 1022 magis
1532 945 1808 1004 Werneri
1852 945 2063 1003 fuisset
2108 944 2168 1002 in
2213 964 2319 1002 suo
2367 944 2441 1002 de
2487 942 2802 1001 Bonifatio

546 1036 700 1093 libro
748 1032 1144 1115 (Bonffacius,
1190 1033 1298 1093 der
1322 1029 1589 1113 'Apostel
1633 1032 1739 1092 der
1783 1029 2147 1104 Deutschen,
2194 1031 2320 1092 und
2364 1031 2459 1092 die
2504 1028 2800 1091 Romani-

546 1123 751 1204 sirunq
811 1143 923 1182 von
982 1119 1409 1203 Mitteleuropa.
1476 1125 1584 1182 187
1588 1125 1650 1199 5)
1696 1122 1957 1180 Ebrardi
2017 1122 2376 1181 sententiam
2434 1120 2799 1181 examinare.

548 1211 665 1271 Sed
729 1232 1065 1289 quanquam
1138 1212 1200 1269 in
1262 1212 1631 1289 praefatione
1692 1232 1821 1269 eam
1883 1212 2208 1288 quaerendi
2281 1211 2606 1282 rationem,
2676 1229 2803 1286 qua

546 1301 854 1360 Ebrardus
887 1301 1240 1375 conjecturis
1273 1301 1449 1359 nimis
1482 1300 1735 1360 confisus
1782 1320 1921 1359 usus
1969 1307 2076 1373 est,
2123 1299 2439 1372 recusavit,
2484 1305 2685 1357 tamen
2730 1298 2800 1356 in

546 1389 638 1463 iis,
687 1411 837 1467 quae
884 1396 1231 1466 sequuntur,
1273 1393 1438 1464 justo
1485 1390 1618 1466 plus
1647 1389 1921 1448 Ebrardo
1952 1389 2126 1448 fidem
2160 1389 2371 1448 habuit
2402 1408 2589 1464 eoque
2622 1388 2799 1445 modo

547 1479 710 1537 illius
742 1485 1074 1537 commenta
1120 1479 1183 1537 in
1230 1479 1421 1555 ipsam
1453 1477 1746 1537 Bonifatii
1776 1479 2085 1538 historiam
2133 1478 2483 1537 introduxit.
2575 1476 2799 1552 Itaque

547 1568 819 1646 inprimis
864 1567 982 1645 ipsi
1027 1567 1317 1627 Wernero
1365 1567 1597 1626 crimini
1639 1566 1899 1625 dandum
1946 1574 2067 1641 est,
2130 1567 2290 1644 quod
2335 1568 2486 1625 falsa
2532 1565 2797 1624 Ebrardi

548 1657 621 1715 de
668 1655 979 1715 Scotorum
1025 1656 1462 1732 Britonumque
1510 1656 1753 1715 ecclesia
1811 1657 2011 1733 opinio
2072 1657 2193 1715 late
2250 1659 2374 1731 jam
2420 1654 2794 1726 diffunditur,

550 1756 761 1821 neque
788 1745 1075 1804 silendum
1125 1751 1215 1804 est
1262 1745 1440 1804 etiam
1474 1745 1845 1817 Wernerum,
1894 1745 2115 1823 partim
2163 1747 2240 1803 ab
2269 1744 2546 1804 Ebrardo
2592 1743 2653 1801 in
2692 1763 2793 1801 er-

547 1854 740 1893 rorem
801 1834 1108 1893 inductum
1170 1835 1388 1913 partim
1439 1836 1605 1909 justa
1664 1834 1726 1892 in
1783 1841 2019 1893 nostrae
2076 1834 2293 1894 aetatis
2341 1833 2659 1893 catholicos
2703 1831 2797 1890 ira

546 1923 858 1981 incitatum
908 1923 981 1980 de
1027 1923 1332 1981 Bonifatio
1379 1943 1451 1981 ex
1495 1943 1683 2000 aequo
1730 1944 1849 1982 non
1889 1924 2203 1998 judicasse.
2297 1923 2472 1997 Quod
2504 1942 2571 1981 eo
2606 1921 2797 1998 magis
2873 2001 2878 2004 -

545 2012 865 2088 lugendum
927 2019 1048 2084 est,
1110 2032 1227 2088 quo
1287 2013 1488 2090 plures
1545 2012 1767 2071 assensi
1812 2020 1951 2072 sunt
1995 2013 2155 2072 illius
2201 2011 2545 2072 sententiae.
2636 2009 2798 2088 Ipsis

547 2101 703 2158 enim
750 2099 894 2159 viris
938 2100 1309 2174 doctissimis,
1356 2102 1461 2178 qui
1505 2101 1806 2159 volumina
1850 2102 1980 2173 illa,
2026 2122 2178 2177 quae
2223 2101 2628 2161 inscribuntur
2675 2094 2794 2157 Re-

546 2186 1014 2268 alencyclopddie
1056 2187 1172 2270 fi‘zr
1213 2186 1690 2271 protestantisclw
1753 2186 2058 2269 Theoloqie
2117 2190 2245 2251 und
2288 2186 2514 2249 Kirclze
2574 2189 2797 2247 iterum

547 2278 776 2336 edenda
822 2286 1058 2351 curant,
1107 2279 1382 2337 Werneri
1439 2279 1512 2336 de
1558 2279 1863 2338 Bonifatio
1903 2279 2195 2354 judicium
2241 2280 2487 2355 dignum
2534 2298 2660 2336 esse
2707 2277 2797 2336 vi-

549 2387 678 2427 sum
725 2374 832 2439 est,
882 2368 1040 2444 quod
1087 2368 1517 2444 divulgaretur.
1694 2377 1698 2382 ’

725 2456 891 2529 Quae
948 2477 1078 2515 cum
1141 2458 1227 2516 ita
1283 2463 1508 2530 essent,
1572 2456 1995 2516 examinandae
2040 2456 2300 2515 Ebrardi
2358 2458 2431 2515 de
2477 2457 2795 2515 Britonum

546 2543 974 2621 Scotorumque
1052 2545 1298 2605 ecclesia
1366 2546 1698 2605 sententiae
1769 2547 2063 2618 laborem,
2142 2566 2316 2622 quem
2376 2565 2485 2604 nec
2546 2545 2798 2603 Bussius

546 2629 1242 2716 (Winfrid-Bomfacius
1288 2633 1376 2693 ed.
1423 2655 1475 2692 v.
1508 2631 1769 2694 Scherer.
1822 2637 1995 2711 1880)
2042 2655 2152 2693 nec
2206 2634 2524 2694 Fischerus
2580 2631 2794 2710 (Boni-

528 2719 737 2804 fadus.
774 2725 943 2799 1881)
974 2743 1143 2781 suum
1183 2723 1620 2799 judicaverunt,
1663 2723 1810 2781 mihi
1853 2724 2223 2782 subeundum
2270 2743 2396 2783 esse
2441 2723 2679 2800 putavi3
2727 2742 2797 2780 ac

547 2811 783 2889 quidem
829 2832 948 2870 non
994 2812 1107 2884 ita,
1155 2818 1224 2871 ut
1270 2811 1572 2871 Oeltorum
1622 2813 1899 2872 ecclesiae
1944 2813 2255 2872 historiam
2301 2833 2498 2872 rerum
2544 2813 2791 2889 scripto-

545 2920 676 2957 rum
724 2921 885 2959 more
931 2921 1274 2978 prosequar,
1324 2902 1426 2959 sed
1472 2901 1560 2959 ita
1604 2900 1923 2979 disputabo
1946 2946 1960 2974 ,
2008 2909 2078 2961 ut
2123 2902 2565 2961 adumbrandae
2611 2900 2793 2959 Boni-

544 2988 677 3047 fatii
707 2987 989 3047 historiae
1021 2990 1338 3049 inserviam
1370 2990 1661 3048 diluendis
1701 2990 1775 3049 iis
1821 2990 2069 3063 fictitiis,
2118 3011 2270 3068 quae
2310 2990 2415 3063 illi,
2462 2991 2556 3047 cui
2588 2997 2792 3049 nostra

547 3098 692 3154 gens
739 3098 1062 3154 cognomen
1108 3079 1390 3138 attribuit
1435 3079 1703 3156 apostolo
1737 3078 2111 3153 Germaniae,
2158 3079 2431 3139 umbram
2474 3079 2719 3137 faciunt.

721 3166 939 3244 Itaque
988 3187 1118 3225 cum
1166 3188 1315 3245 opus
1362 3168 1741 3244 aggrederer,
1804 3189 1980 3245 aegre
2025 3168 2170 3241 tuli,
2232 3168 2390 3245 quod
2437 3187 2557 3226 non
2603 3168 2791 3226 solum

30 3297 45 3306 -
84 3291 111 3302 u
208 3273 441 3328 nymph-³.
484 3251 491 3288 ³
545 3255 706 3333 apud
747 3276 854 3315 nos
886 3254 1216 3315 Germanos
1262 3277 1397 3315 raro
1443 3257 1517 3314 de
1548 3257 1867 3316 Britonum
1901 3257 2331 3334 Scotorumque
2378 3256 2624 3315 ecclesia
2671 3256 2791 3313 dis-

276 3355 285 3364 ·
488 3369 497 3436 3
546 3350 823 3422 putatum
872 3351 993 3418 est,
1042 3346 1144 3404 sed
1191 3346 1370 3404 etiam
1417 3347 1577 3422 quod
1628 3381 1703 3391 —-
1757 3346 1903 3423 quid
1949 3345 2207 3403 mirum?
2261 3381 2336 3390 —
2386 3346 2448 3418 ii,
2497 3346 2602 3423 qui
2647 3345 2793 3403 alibi

496 3467 503 3490 ·.
545 3439 814 3507 exstant,
870 3433 1011 3493 libri
1070 3434 1133 3492 in
1195 3431 1987 3512 nostratium-&poraneus
2042 3441 2373 3495 versantur.
2463 3435 2618 3495 Nam
2666 3433 2791 3511 ipse

481 3499 503 3570 l
543 3522 767 3581 Hasius
814 3509 1428 3603 (Kircloenyeschzchte.
1481 3526 1566 3582 10.
1609 3520 1766 3605 Aufl.
1818 3501 1978 3583 1877*
2016 3524 2051 3600 ξ
2104 3525 2238 3601 134)
2284 3523 2574 3583 librorum
2621 3525 2789 3582 obso-

543 3611 799 3670 letorum
832 3618 892 3671 et
922 3611 1220 3670 inutilium
1252 3612 1451 3689 plures
1497 3619 1825 3685 enumerat,
1874 3633 2051 3690 quam
2098 3614 2509 3672 recentiorum.
2602 3612 2788 3671 Obso-

543 3700 729 3759 letum
778 3706 898 3773 est,
946 3700 1107 3776 quod
1150 3702 1493 3759 Muenterus
1511 3746 1525 3772 ‚
1572 3701 1665 3760 vir
1710 3701 2108 3773 doctissimus,
2157 3701 2231 3760 de
2277 3707 2543 3762 veterum
2589 3701 2788 3760 Brito·

543 3809 682 3847 num
730 3789 977 3847 ecclesia
1023 3789 1301 3848 disseruit
1346 3790 1407 3848 in
1466 3785 1662 3849 Theol.
1708 3787 1879 3849 stud.
1925 3811 1982 3848 u.
2017 3785 2177 3850 Krit.
2214 3793 2383 3861 1833,
2430 3789 2684 3849 obsoleti
2729 3796 2791 3848 et

543 3877 853 3954 Lingardi,
888 3878 1199 3954 Lanigani,
1233 3877 1564 3937 Schroedlii
1597 3879 1737 3937 libri
1769 3880 1960 3954 (Hase
1992 3878 2029 3936 l.
2063 3881 2154 3956 c.),
2202 3879 2433 3939 inutilis
2464 3886 2664 3939 autem
2696 3884 2787 3938 est

543 3966 793 4037 libellus,
844 3986 1018 4043 quem
1066 3965 1389 4039 Greithius,
1437 3967 1749 4045 episcopus
1796 3966 2216 4045 Sangallensis,
2264 3970 2337 4028 de
2384 3968 2635 4045 antiqua
2678 3967 2787 4025 Hi·

545 4057 860 4114 bernorum
918 4055 1164 4114 ecclesia
1220 4056 1553 4134 composuit
1612 4050 1974 4131 (Geschichte
2020 4055 2126 4116 der
2170 4053 2502 4116 altin'schen
2547 4051 2786 4116 Kirclae.

545 4140 837 4223 Freibury
872 4145 1069 4220 1867).
1162 4143 1280 4203 Sed
1311 4165 1538 4203 summa
1571 4145 1744 4204 laude
1775 4144 2070 4204 efferenda
2116 4151 2221 4218 est,
2270 4165 2447 4223 quam
2478 4144 2786 4203 Ebrardus

543 4253 658 4291 non
685 4234 849 4309 legit,
883 4232 1160 4291 Schoellii
1192 4232 1265 4293 de
1287 4229 1694 4293 ecclesiasticae
1717 4230 2039 4294 Britonum
2068 4232 2489 4314 Scotorumque
2517 4230 2789 4293 historiae

527 4319 796 4403 fmttibus
843 4322 1181 4381 dissertatio
1230 4322 1522 4398 (Berolini
1568 4328 1628 4380 et
1672 4322 1950 4381 Londini.
2003 4321 2207 4401 1851)
2254 4343 2470 4400 eaque,
2519 4321 2787 4400 quamvis

14 3255 23 3304 ἶ
